@inproceedings{Alexandrescu2006,
  title     = {Factored {{Neural Language Models}}},
  booktitle = {Proceedings of the {{Human Language Technology Conference}} of the {{NAACL}}, {{Companion Volume}}: {{Short Papers}}},
  author    = {Alexandrescu, Andrei and Kirchhoff, Katrin},
  editor    = {Moore, Robert C. and Bilmes, Jeff and {Chu-Carroll}, Jennifer and Sanderson, Mark},
  year      = {2006},
  month     = jun,
  pages     = {1--4},
  publisher = {{Association for Computational Linguistics}},
  address   = {{New York, NY}},
  urldate   = {2023-11-20}
}

@inproceedings{Armendariz2020,
  title      = {{{SemEval-2020 Task}} 3: {{Graded Word Similarity}} in {{Context}}},
  shorttitle = {{{SemEval-2020 Task}} 3},
  booktitle  = {Proceedings of the {{Fourteenth Workshop}} on {{Semantic Evaluation}}},
  author     = {Armendariz, Carlos Santos and Purver, Matthew and Pollak, Senja and Ljube{\v s}i{\'c}, Nikola and Ul{\v c}ar, Matej and Vuli{\'c}, Ivan and Pilehvar, Mohammad Taher},
  editor     = {Herbelot, Aur{\'e}lie and Zhu, Xiaodan and Palmer, Alexis and Schneider, Nathan and May, Jonathan and Shutova, Ekaterina},
  year       = {2020},
  pages      = {36--49},
  publisher  = {{International Committee for Computational Linguistics}},
  address    = {{Barcelona (online)}},
  doi        = {10.18653/v1/2020.semeval-1.3},
  urldate    = {2023-11-12},
  langid     = {english}
}

@inproceedings{Arora2020,
  title      = {Contextual {{Embeddings}}: {{When Are They Worth It}}?},
  shorttitle = {Contextual {{Embeddings}}},
  booktitle  = {Proceedings of the 58th {{Annual Meeting}} of the {{Association}} for {{Computational Linguistics}}},
  author     = {Arora, Simran and May, Avner and Zhang, Jian and R{\'e}, Christopher},
  editor     = {Jurafsky, Dan and Chai, Joyce and Schluter, Natalie and Tetreault, Joel},
  year       = {2020},
  month      = jul,
  pages      = {2650--2663},
  publisher  = {{Association for Computational Linguistics}},
  address    = {{Online}},
  doi        = {10.18653/v1/2020.acl-main.236},
  urldate    = {2023-12-12}
}

@inproceedings{Bahdanau2015,
  title     = {Neural {{Machine Translation}} by {{Jointly Learning}} to {{Align}} and {{Translate}}},
  booktitle = {3rd {{International Conference}} on {{Learning Representations}}, {{ICLR}} 2015, {{Conference Track Proceedings}}},
  author    = {Bahdanau, Dzmitry and Cho, Kyunghyun and Bengio, Yoshua},
  editor    = {Bengio, Yoshua and LeCun, Yann},
  year      = {2015},
  address   = {{San Diego, CA}},
  urldate   = {2024-01-08}
}

@misc{Bahdanau2016,
  title         = {Neural {{Machine Translation}} by {{Jointly Learning}} to {{Align}} and {{Translate}}},
  author        = {Bahdanau, Dzmitry and Cho, Kyunghyun and Bengio, Yoshua},
  year          = {2016},
  month         = may,
  number        = {arXiv:1409.0473},
  eprint        = {1409.0473},
  publisher     = {{arXiv}},
  url           = {http://arxiv.org/abs/1409.0473},
  urldate       = {2023-10-23},
  archiveprefix = {arxiv},
  langid        = {english}
}

@book{Baker2005,
  title      = {Wittgenstein: {{Understanding}} and {{Meaning}} ({{Volume}} 1 of {{An Analytical Commentary}} on the {{Philosophical Investigations}}), {{Part}} 1: {{Essays}}},
  shorttitle = {Wittgenstein: {{Understanding}} and {{Meaning}}},
  author     = {Baker, Gordon P. and Hacker, P. M. S.},
  year       = {2005},
  edition    = {2},
  volume     = {1},
  publisher  = {{Blackwell Publishing}},
  address    = {{Malden, MA}},
  isbn       = {978-1-4051-9924-7 978-1-4051-0176-9 978-1-4051-1987-0 978-1-4051-9925-4},
  langid     = {english},
  lccn       = {B3376.W563 P5323 2005}
}

@inproceedings{Baroni2010,
  title      = {Nouns {{Are Vectors}}, {{Adjectives Are Matrices}}: {{Representing Adjective-Noun Constructions}} in {{Semantic Space}}},
  shorttitle = {Nouns {{Are Vectors}}, {{Adjectives Are Matrices}}},
  booktitle  = {Proceedings of the 2010 {{Conference}} on {{Empirical Methods}} in {{Natural Language Processing}}},
  author     = {Baroni, Marco and Zamparelli, Roberto},
  year       = {2010},
  month      = oct,
  pages      = {1183--1193},
  publisher  = {{Association for Computational Linguistics}},
  address    = {{Cambridge, MA}}
}

@article{Baroni2014,
  title      = {Frege in {{Space}}: {{A Program}} for {{Compositional Distributional Semantics}}},
  shorttitle = {Frege in {{Space}}},
  author     = {Baroni, Marco and Bernardi, Raffaella and Zamparelli, Roberto},
  year       = {2014},
  month      = jan,
  journal    = {Linguistic Issues in Language Technology},
  volume     = {9},
  issn       = {1945-3604},
  doi        = {10.33011/lilt.v9i.1321},
  urldate    = {2023-10-19},
  langid     = {english}
}

@inproceedings{Baroni2014a,
  title     = {Don't {{Count}}, {{Predict}}! {{A Systematic Comparison}} of {{Context-Counting}} vs. {{Context-Predicting Semantic Vectors}}},
  booktitle = {Proceedings of the 52nd {{Annual Meeting}} of the {{Association}} for {{Computational Linguistics}} ({{Volume}} 1: {{Long Papers}})},
  author    = {Baroni, Marco and Dinu, Georgiana and Kruszewski, Germ{\'a}n},
  year      = {2014},
  month     = jun,
  pages     = {238--247},
  publisher = {{Association for Computational Linguistics}},
  address   = {{Baltimore, MD}},
  doi       = {10.3115/v1/P14-1023},
  urldate   = {2023-10-24}
}

@inproceedings{Batchkarov2016,
  title     = {A {{Critique}} of {{Word Similarity}} as a {{Method}} for {{Evaluating Distributional Semantic Models}}},
  booktitle = {Proceedings of the 1st {{Workshop}} on {{Evaluating Vector-Space Representations}} for {{NLP}}},
  author    = {Batchkarov, Miroslav and Kober, Thomas and Reffin, Jeremy and Weeds, Julie and Weir, David},
  year      = {2016},
  month     = aug,
  pages     = {7--12},
  publisher = {{Association for Computational Linguistics}},
  address   = {{Berlin, Germany}},
  doi       = {10.18653/v1/W16-2502}
}

@inproceedings{Bengio2000,
  title     = {A {{Neural Probabilistic Language Model}}},
  booktitle = {Advances in {{Neural Information Processing Systems}} 13 ({{NIPS}} 2000)},
  author    = {Bengio, Yoshua and Ducharme, R{\'e}jean and Vincent, Pascal},
  editor    = {Leen, Todd K. and Dietterich, Thomas G. and Tresp, Volker},
  year      = {2000},
  volume    = {13},
  pages     = {932--938},
  publisher = {{Curran Associates}},
  address   = {{Denver, CO}},
  urldate   = {2023-11-20}
}

@incollection{Bengio2006,
  title      = {Neural {{Probabilistic Language Models}}},
  shorttitle = {Innovations in {{Machine Learning}}},
  booktitle  = {Innovations in {{Machine Learning}}: {{Theory}} and {{Applications}}},
  author     = {Bengio, Yoshua and Schwenk, Holger and Sen{\'e}cal, Jean-S{\'e}bastien and Morin, Fr{\'e}deric and Gauvain, Jean-Luc},
  editor     = {Holmes, Dawn E. and Jain, Lakhmi C.},
  year       = {2006},
  series     = {Studies in {{Fuzziness}} and {{Soft Computing}}},
  edition    = {1},
  volume     = {194},
  pages      = {137--186},
  publisher  = {{Springer Berlin}},
  address    = {{Heidelberg, Germany}},
  isbn       = {978-3-540-33486-6}
}

@article{Bojanowski2017,
  title   = {Enriching {{Word Vectors}} with {{Subword Information}}},
  author  = {Bojanowski, Piotr and Grave, Edouard and Joulin, Armand and Mikolov, Tomas},
  year    = {2017},
  month   = jun,
  journal = {Transactions of the Association for Computational Linguistics},
  volume  = {5},
  pages   = {135--146},
  issn    = {2307-387X},
  doi     = {10.1162/tacl_a_00051},
  urldate = {2023-12-09}
}

@article{Boleda2016,
  title      = {Formal {{Distributional Semantics}}: {{Introduction}} to the {{Special Issue}}},
  shorttitle = {Formal {{Distributional Semantics}}},
  author     = {Boleda, Gemma and Herbelot, Aur{\'e}lie},
  year       = {2016},
  month      = dec,
  journal    = {Computational Linguistics},
  volume     = {42},
  number     = {4},
  pages      = {619--635},
  doi        = {10.1162/COLI_a_00261}
}

@article{Boleda2020,
  title   = {Distributional {{Semantics}} and {{Linguistic Theory}}},
  author  = {Boleda, Gemma},
  year    = {2020},
  month   = jan,
  journal = {Annual Review of Linguistics},
  volume  = {6},
  number  = {1},
  pages   = {213--234},
  issn    = {2333-9683, 2333-9691},
  doi     = {10.1146/annurev-linguistics-011619-030303}
}

@inproceedings{Bommasani2020,
  title     = {Interpreting {{Pretrained Contextualized Representations}} via {{Reductions}} to {{Static Embeddings}}},
  booktitle = {Proceedings of the 58th {{Annual Meeting}} of the {{Association}} for {{Computational Linguistics}}},
  author    = {Bommasani, Rishi and Davis, Kelly and Cardie, Claire},
  editor    = {Jurafsky, Dan and Chai, Joyce and Schluter, Natalie and Tetreault, Joel},
  year      = {2020},
  month     = jul,
  pages     = {4758--4781},
  publisher = {{Association for Computational Linguistics}},
  address   = {{Online}},
  doi       = {10.18653/v1/2020.acl-main.431},
  urldate   = {2023-12-12}
}

@misc{Bommasani2022,
  title         = {On the {{Opportunities}} and {{Risks}} of {{Foundation Models}}},
  author        = {Bommasani, Rishi and Hudson, Drew A. and Adeli, Ehsan and Altman, Russ and Arora, Simran and {von Arx}, Sydney and Bernstein, Michael S. and Bohg, Jeannette and Bosselut, Antoine and Brunskill, Emma and Brynjolfsson, Erik and Buch, Shyamal and Card, Dallas and Castellon, Rodrigo and Chatterji, Niladri and Chen, Annie and Creel, Kathleen and Davis, Jared Quincy and Demszky, Dora and Donahue, Chris and Doumbouya, Moussa and Durmus, Esin and Ermon, Stefano and Etchemendy, John and Ethayarajh, Kawin and {Fei-Fei}, Li and Finn, Chelsea and Gale, Trevor and Gillespie, Lauren and Goel, Karan and Goodman, Noah and Grossman, Shelby and Guha, Neel and Hashimoto, Tatsunori and Henderson, Peter and Hewitt, John and Ho, Daniel E. and Hong, Jenny and Hsu, Kyle and Huang, Jing and Icard, Thomas and Jain, Saahil and Jurafsky, Dan and Kalluri, Pratyusha and Karamcheti, Siddharth and Keeling, Geoff and Khani, Fereshte and Khattab, Omar and Koh, Pang Wei and Krass, Mark and Krishna, Ranjay and Kuditipudi, Rohith and Kumar, Ananya and Ladhak, Faisal and Lee, Mina and Lee, Tony and Leskovec, Jure and Levent, Isabelle and Li, Xiang Lisa and Li, Xuechen and Ma, Tengyu and Malik, Ali and Manning, Christopher D. and Mirchandani, Suvir and Mitchell, Eric and Munyikwa, Zanele and Nair, Suraj and Narayan, Avanika and Narayanan, Deepak and Newman, Ben and Nie, Allen and Niebles, Juan Carlos and Nilforoshan, Hamed and Nyarko, Julian and Ogut, Giray and Orr, Laurel and Papadimitriou, Isabel and Park, Joon Sung and Piech, Chris and Portelance, Eva and Potts, Christopher and Raghunathan, Aditi and Reich, Rob and Ren, Hongyu and Rong, Frieda and Roohani, Yusuf and Ruiz, Camilo and Ryan, Jack and R{\'e}, Christopher and Sadigh, Dorsa and Sagawa, Shiori and Santhanam, Keshav and Shih, Andy and Srinivasan, Krishnan and Tamkin, Alex and Taori, Rohan and Thomas, Armin W. and Tram{\`e}r, Florian and Wang, Rose E. and Wang, William and Wu, Bohan and Wu, Jiajun and Wu, Yuhuai and Xie, Sang Michael and Yasunaga, Michihiro and You, Jiaxuan and Zaharia, Matei and Zhang, Michael and Zhang, Tianyi and Zhang, Xikun and Zhang, Yuhui and Zheng, Lucia and Zhou, Kaitlyn and Liang, Percy},
  year          = {2022},
  month         = jul,
  number        = {arXiv:2108.07258},
  eprint        = {2108.07258},
  publisher     = {{arXiv}},
  url           = {http://arxiv.org/abs/2108.07258},
  urldate       = {2023-10-06},
  archiveprefix = {arxiv},
  langid        = {english}
}

@article{Bradley2018,
  title      = {Translating and {{Evolving}}: {{Towards}} a {{Model}} of {{Language Change}} in {{DisCoCat}}},
  shorttitle = {Translating and {{Evolving}}},
  author     = {Bradley, Tai-Danae and Lewis, Martha and Master, Jade and Theilman, Brad},
  year       = {2018},
  month      = nov,
  journal    = {Electronic Proceedings in Theoretical Computer Science},
  volume     = {283},
  pages      = {50--61},
  issn       = {2075-2180},
  doi        = {10.4204/EPTCS.283.4},
  urldate    = {2023-10-10},
  langid     = {english}
}

@article{Budanitsky2006,
  title   = {Evaluating {{WordNet-based Measures}} of {{Lexical Semantic Relatedness}}},
  author  = {Budanitsky, Alexander and Hirst, Graeme},
  year    = {2006},
  month   = mar,
  journal = {Computational Linguistics},
  volume  = {32},
  number  = {1},
  pages   = {13--47},
  issn    = {0891-2017},
  doi     = {10.1162/coli.2006.32.1.13},
  urldate = {2024-01-04}
}

@incollection{Chomsky1969,
  title     = {Quine's {{Empirical Assumptions}}},
  booktitle = {Words and {{Objections}}: {{Essays}} on the {{Work}} of {{W}}. {{V}}. {{Quine}}},
  author    = {Chomsky, N.},
  editor    = {Davidson, Donald and Hintikka, Jaakko},
  year      = {1969},
  series    = {Synthese {{Library}}},
  pages     = {53--68},
  publisher = {{Springer Netherlands}},
  address   = {{Dordrecht, The Netherlands}},
  urldate   = {2023-12-01},
  isbn      = {978-94-010-1709-1},
  langid    = {english}
}

@incollection{Chomsky1991,
  title      = {Linguistics and {{Cognitive Science}}: {{Problems}} and {{Mysteries}}},
  shorttitle = {Linguistics and {{Cognitive Science}}},
  booktitle  = {The {{Chomskyan Turn}}},
  author     = {Chomsky, Noam},
  editor     = {Kasher, Aka},
  year       = {1991},
  pages      = {26--53},
  publisher  = {{Blackwell Publishing}},
  address    = {{Cambridge, MA}}
}

@inproceedings{Clark2007,
  title     = {Combining {{Symbolic}} and {{Distributional Models}} of {{Meaning}}},
  booktitle = {Papers from the 2007 {{AAAI Spring Symposium}}},
  author    = {Clark, Stephen and Pulman, Stephen},
  year      = {2007},
  month     = mar,
  pages     = {52--55},
  publisher = {{Association for the Advancement of Artificial Intelligence}},
  address   = {{Stanford, CA}}
}

@inproceedings{Clark2008,
  title      = {A {{Compositional Distributional Model}} of {{Meaning}}},
  shorttitle = {Quantum {{Interaction}}},
  booktitle  = {Proceedings of the {{Second Quantum Interaction Symposium}} ({{QI-2008}})},
  author     = {Clark, Stephen and Coecke, Bob and Sadrzadeh, Mehrnoosh},
  editor     = {Bruza, Peter D. and Lawless, William and Rijsbergen, Keith Van and Sofge, Donald A.},
  year       = {2008},
  pages      = {133--140},
  publisher  = {{College Publications}},
  address    = {{Oxford, UK}},
  isbn       = {978-1-904987-77-2}
}

@incollection{Clark2015,
  title     = {Vector {{Space Models}} of {{Lexical Meaning}}},
  booktitle = {The {{Handbook}} of {{Contemporary Semantic Theory}}},
  author    = {Clark, Stephen},
  editor    = {Lappin, Shalom and Fox, Chris},
  year      = {2015},
  series    = {Blackwell {{Handbooks}} in {{Linguistics}}},
  edition   = {2},
  pages     = {493--522},
  publisher = {{John Wiley \& Sons}},
  address   = {{Chichester, UK}},
  urldate   = {2023-12-08},
  isbn      = {978-1-118-88213-9},
  langid    = {english}
}

@article{Coecke2010,
  title   = {Mathematical {{Foundations}} for a {{Compositional Distributional Model}} of {{Meaning}}},
  author  = {Coecke, Bob and Sadrzadeh, Mehrnoosh and Clark, Stephen},
  year    = {2010},
  month   = mar,
  journal = {Linguistic Analysis},
  volume  = {36},
  number  = {1{\textendash}4},
  pages   = {345--384},
  issn    = {0098-9053},
  langid  = {english}
}

@article{Coecke2013a,
  title      = {Lambek vs. {{Lambek}}: {{Functorial Vector Space Semantics}} and {{String Diagrams}} for {{Lambek Calculus}}},
  shorttitle = {Lambek vs. {{Lambek}}},
  author     = {Coecke, Bob and Grefenstette, Edward and Sadrzadeh, Mehrnoosh},
  year       = {2013},
  month      = nov,
  journal    = {Annals of Pure and Applied Logic},
  series     = {Special issue on {{Seventh Workshop}} on {{Games}} for {{Logic}} and {{Programming Languages}} ({{GaLoP VII}})},
  volume     = {164},
  number     = {11},
  pages      = {1079--1100},
  issn       = {0168-0072},
  doi        = {10.1016/j.apal.2013.05.009},
  urldate    = {2023-10-19}
}

@misc{Coecke2020a,
  title         = {Foundations for {{Near-Term Quantum Natural Language Processing}}},
  author        = {Coecke, Bob and {de Felice}, Giovanni and Meichanetzidis, Konstantinos and Toumi, Alexis},
  year          = {2020},
  month         = dec,
  number        = {arXiv:2012.03755},
  eprint        = {2012.03755},
  publisher     = {{arXiv}},
  url           = {http://arxiv.org/abs/2012.03755},
  urldate       = {2023-10-16},
  archiveprefix = {arxiv}
}

@inproceedings{Collobert2008,
  title      = {A {{Unified Architecture}} for {{Natural Language Processing}}: {{Deep Neural Networks}} with {{Multitask Learning}}},
  shorttitle = {A {{Unified Architecture}} for {{Natural Language Processing}}},
  booktitle  = {Proceedings of the 25th {{International Conference}} on {{Machine Learning}} - {{ICML}} '08},
  author     = {Collobert, Ronan and Weston, Jason},
  year       = {2008},
  pages      = {160--167},
  publisher  = {{ACM Press}},
  address    = {{Helsinki, Finland}},
  doi        = {10.1145/1390156.1390177},
  urldate    = {2023-10-24},
  isbn       = {978-1-60558-205-4},
  langid     = {english}
}

@phdthesis{Curran2004,
  title   = {From {{Distributional}} to {{Semantic Similarity}}},
  author  = {Curran, James R.},
  year    = {2004},
  address = {{Edinburgh, UK}},
  url     = {https://era.ed.ac.uk/bitstream/handle/1842/563/IP030023.pdf},
  langid  = {english},
  school  = {University of Edinburgh}
}

@inproceedings{DeDeyne2016,
  title      = {Predicting {{Human Similarity Judgments With Distributional Models}}: {{The Value}} of {{Word Associations}}},
  shorttitle = {Predicting {{Human Similarity Judgments}} with {{Distributional Models}}},
  booktitle  = {Proceedings of {{COLING}} 2016, the 26th {{International Conference}} on {{Computational Linguistics}}: {{Technical Papers}}},
  author     = {De Deyne, Simon and Perfors, Amy and Navarro, Daniel J},
  editor     = {Matsumoto, Yuji and Prasad, Rashmi},
  year       = {2016},
  month      = dec,
  pages      = {1861--1870},
  publisher  = {{The COLING 2016 Organizing Committee}},
  address    = {{Osaka, Japan}},
  urldate    = {2023-12-26}
}

@article{Deerwester1990,
  title     = {Indexing by {{Latent Semantic Analysis}}},
  author    = {Deerwester, Scott and Dumais, Susan T. and Furnas, George W. and Landauer, Thomas K. and Harshman, Richard},
  year      = {1990},
  journal   = {Journal of the American Society for Information Science},
  volume    = {41},
  number    = {6},
  pages     = {391--407},
  issn      = {1097-4571},
  doi       = {10.1002/(SICI)1097-4571(199009)41:6<391::AID-ASI1>3.0.CO;2-9},
  copyright = {Copyright {\textcopyright} 1990 John Wiley \& Sons, Inc.},
  langid    = {english}
}

@article{deFelice2021a,
  title      = {{{DisCoPy}}: {{Monoidal Categories}} in {{Python}}},
  shorttitle = {{{DisCoPy}}},
  author     = {{de Felice}, Giovanni and Toumi, Alexis and Coecke, Bob},
  year       = {2021},
  month      = feb,
  journal    = {Electronic Proceedings in Theoretical Computer Science},
  volume     = {333},
  pages      = {183--197},
  issn       = {2075-2180},
  doi        = {10.4204/EPTCS.333.13},
  urldate    = {2023-10-16},
  langid     = {english}
}

@inproceedings{Devlin2019,
  title      = {{{BERT}}: {{Pre-Training}} of {{Deep Bidirectional Transformers}} for {{Language Understanding}}},
  shorttitle = {{{BERT}}},
  booktitle  = {Proceedings of the 2019 {{Conference}} of the {{North American Chapter}} of the {{Association}} for {{Computational Linguistics}}: {{Human Language Technologies}}, {{Volume}} 1 ({{Long}} and {{Short Papers}})},
  author     = {Devlin, Jacob and Chang, Ming-Wei and Lee, Kenton and Toutanova, Kristina},
  editor     = {Burstein, Jill and Doran, Christy and Solorio, Thamar},
  year       = {2019},
  month      = jun,
  pages      = {4171--4186},
  publisher  = {{Association for Computational Linguistics}},
  address    = {{Minneapolis, MN}},
  doi        = {10.18653/v1/N19-1423},
  urldate    = {2023-12-01}
}

@inproceedings{Dinu2010,
  title     = {Measuring {{Distributional Similarity}} in {{Context}}},
  booktitle = {Proceedings of the 2010 {{Conference}} on {{Empirical Methods}} in {{Natural Language Processing}}},
  author    = {Dinu, Georgiana and Lapata, Mirella},
  editor    = {Li, Hang and M{\`a}rquez, Llu{\'i}s},
  year      = {2010},
  month     = oct,
  pages     = {1162--1172},
  publisher = {{Association for Computational Linguistics}},
  address   = {{Cambridge, MA}},
  urldate   = {2023-11-25}
}

@inproceedings{Dinu2013,
  title     = {General {{Estimation}} and {{Evaluation}} of {{Compositional Distributional Semantic Models}}},
  booktitle = {Proceedings of the {{Workshop}} on {{Continuous Vector Space Models}} and their {{Compositionality}}},
  author    = {Dinu, Georgiana and Pham, Nghia The and Baroni, Marco},
  editor    = {Allauzen, Alexandre and Larochelle, Hugo and Manning, Christopher and Socher, Richard},
  year      = {2013},
  month     = aug,
  pages     = {50--58},
  publisher = {{Association for Computational Linguistics}},
  address   = {{Sofia, Bulgaria}},
  urldate   = {2023-12-10}
}

@article{Dominey2003,
  title      = {Neurological {{Basis}} of {{Language}} and {{Sequential Cognition}}: {{Evidence From Simulation}}, {{Aphasia}}, and {{ERP Studies}}},
  shorttitle = {Neurological {{Basis}} of {{Language}} and {{Sequential Cognition}}},
  author     = {Dominey, Peter F. and Hoen, Michel and Blanc, Jean-Marc and {Lelekov-Boissard}, Ta{\"{\i}}ssia},
  year       = {2003},
  month      = aug,
  journal    = {Brain and Language},
  volume     = {86},
  number     = {2},
  pages      = {207--225},
  issn       = {0093934X},
  doi        = {10.1016/S0093-934X(02)00529-1},
  urldate    = {2024-01-08},
  langid     = {english}
}

@article{Elman1990,
  title     = {Finding {{Structure}} in {{Time}}},
  author    = {Elman, Jeffrey L.},
  year      = {1990},
  journal   = {Cognitive Science},
  volume    = {14},
  number    = {2},
  pages     = {179--211},
  issn      = {1551-6709},
  doi       = {10.1207/s15516709cog1402_1},
  urldate   = {2023-11-20},
  copyright = {{\textcopyright} 1990 Cognitive Science Society, Inc.},
  langid    = {english}
}

@article{Elman1991,
  title   = {Distributed {{Representations}}, {{Simple Recurrent Networks}}, and {{Grammatical Structure}}},
  author  = {Elman, Jeffrey L.},
  year    = {1991},
  month   = sep,
  journal = {Machine Learning},
  volume  = {7},
  number  = {2},
  pages   = {195--225},
  issn    = {1573-0565},
  doi     = {10.1007/BF00114844},
  urldate = {2023-11-20},
  langid  = {english}
}

@inproceedings{Erk2008,
  title     = {A {{Structured Vector Space Model}} for {{Word Meaning}} in {{Context}}},
  booktitle = {Proceedings of the {{Conference}} on {{Empirical Methods}} in {{Natural Language Processing}} - {{EMNLP}} '08},
  author    = {Erk, Katrin and Pad{\'o}, Sebastian},
  year      = {2008},
  pages     = {897},
  publisher = {{Association for Computational Linguistics}},
  address   = {{Honolulu, Hawaii}},
  doi       = {10.3115/1613715.1613831},
  urldate   = {2023-01-14}
}

@article{Erk2012,
  title      = {Vector {{Space Models}} of {{Word Meaning}} and {{Phrase Meaning}}: {{A Survey}}},
  shorttitle = {Vector {{Space Models}} of {{Word Meaning}} and {{Phrase Meaning}}},
  author     = {Erk, Katrin},
  year       = {2012},
  journal    = {Language and Linguistics Compass},
  volume     = {6},
  number     = {10},
  pages      = {635--653},
  issn       = {1749-818X},
  doi        = {10.1002/lnco.362},
  urldate    = {2023-11-17},
  langid     = {english}
}

@inproceedings{Erk2013,
  title     = {Towards a {{Semantics}} for {{Distributional Representations}}},
  booktitle = {Proceedings of the 10th {{International Conference}} on {{Computational Semantics}} ({{IWCS}} 2013) {\textendash} {{Long Papers}}},
  author    = {Erk, Katrin},
  year      = {2013},
  month     = mar,
  pages     = {95--106},
  publisher = {{Association for Computational Linguistics}},
  address   = {{Potsdam, Germany}},
  urldate   = {2023-10-19}
}

@incollection{Firth1957,
  title     = {A {{Synopsis}} of {{Linguistic Theory}}, 1930{\textendash}1955},
  booktitle = {Studies in {{Linguistic Analysis}}},
  author    = {Firth, J. R.},
  year      = {1957},
  pages     = {1--32},
  publisher = {{Blackwell Publishing}},
  address   = {{Oxford, UK}}
}

@book{Frege1960,
  title      = {The {{Foundations}} of {{Arithmetic}}: {{A Logico-Mathematical Enquiry Into}} the {{Concept}} of {{Number}}},
  shorttitle = {The {{Foundations}} of {{Arithmetic}}},
  author     = {Frege, Gottlob},
  translator = {Austin, J. L.},
  year       = {1960},
  edition    = {2},
  publisher  = {{Harper \& Brothers}},
  address    = {{New York, NY}},
  langid     = {english},
  lccn       = {QA9 .F7514 1980}
}

@article{Gastaldi2021,
  title   = {Why {{Can Computers Understand Natural Language}}?},
  author  = {Gastaldi, Juan Luis},
  year    = {2021},
  month   = mar,
  journal = {Philosophy \& Technology},
  volume  = {34},
  number  = {1},
  pages   = {149--214},
  issn    = {2210-5441},
  doi     = {10.1007/s13347-020-00393-9},
  urldate = {2023-11-28},
  langid  = {english}
}

@article{Gastaldi2021a,
  title      = {The {{Calculus}} of {{Language}}: {{Explicit Representation}} of {{Emergent Linguistic Structure Through Type-Theoretical Paradigms}}},
  shorttitle = {The {{Calculus}} of {{Language}}},
  author     = {Gastaldi, Juan Luis and Pellissier, Luc},
  year       = {2021},
  month      = oct,
  journal    = {Interdisciplinary Science Reviews},
  volume     = {46},
  number     = {4},
  pages      = {569--590},
  issn       = {0308-0188, 1743-2790},
  doi        = {10.1080/03080188.2021.1890484},
  urldate    = {2023-11-28},
  langid     = {english}
}

@article{Gavin2018,
  title     = {Vector {{Semantics}}, {{William Empson}}, and the {{Study}} of {{Ambiguity}}},
  author    = {Gavin, Michael},
  year      = {2018},
  month     = jun,
  journal   = {Critical Inquiry},
  volume    = {44},
  number    = {4},
  pages     = {641--673},
  publisher = {{The University of Chicago Press}},
  issn      = {0093-1896},
  doi       = {10.1086/698174},
  urldate   = {2023-11-29}
}

@inproceedings{Gillioz2020,
  title     = {Overview of the {{Transformer-based Models}} for {{NLP Tasks}}},
  booktitle = {2020 {{Federated Conference}} on {{Computer Science}} and {{Information Systems}}},
  author    = {Gillioz, Anthony and Casas, Jacky and Mugellini, Elena and Khaled, Omar Abou},
  year      = {2020},
  month     = sep,
  pages     = {179--183},
  doi       = {10.15439/2020F20},
  urldate   = {2024-01-08},
  langid    = {english}
}

@article{Goldsmith2005,
  title        = {Review of {{The Legacy}} of {{Zellig Harris}}: {{Language}} and {{Information}} into the 21st {{Century}}, vol. 1: {{Philosophy}} of {{Science}}, {{Syntax}} and {{Semantics}}},
  shorttitle   = {Review of {{The Legacy}} of {{Zellig Harris}}},
  author       = {Goldsmith, John},
  year         = {2005},
  journal      = {Language},
  volume       = {81},
  number       = {3},
  pages        = {719--736},
  publisher    = {{Linguistic Society of America}},
  issn         = {0097-8507},
  urldate      = {2024-01-08},
  collaborator = {Nevin, Bruce}
}

@inproceedings{Grefenstette2011,
  title     = {Experimental {{Support}} for a {{Categorical Compositional Distributional Model}} of {{Meaning}}},
  booktitle = {Proceedings of the 2011 {{Conference}} on {{Empirical Methods}} in {{Natural Language Processing}}},
  author    = {Grefenstette, Edward and Sadrzadeh, Mehrnoosh},
  editor    = {Barzilay, Regina and Johnson, Mark},
  year      = {2011},
  month     = jul,
  pages     = {1394--1404},
  publisher = {{Association for Computational Linguistics}},
  address   = {{Edinburgh, UK}},
  urldate   = {2024-01-08}
}

@phdthesis{Grefenstette2013,
  title   = {Category-{{Theoretic Quantitative Compositional Distributional Models}} of {{Natural Language Semantics}}},
  author  = {Grefenstette, Edward},
  year    = {2013},
  month   = nov,
  address = {{Oxford, UK}},
  url     = {http://arxiv.org/abs/1311.1539},
  urldate = {2023-10-19},
  school  = {University of Oxford}
}

@article{Gunther2019,
  title      = {Vector-{{Space Models}} of {{Semantic Representation From}} a {{Cognitive Perspective}}: {{A Discussion}} of {{Common Misconceptions}}},
  shorttitle = {Vector-{{Space Models}} of {{Semantic Representation From}} a {{Cognitive Perspective}}},
  author     = {G{\"u}nther, Fritz and Rinaldi, Luca and Marelli, Marco},
  year       = {2019},
  month      = nov,
  journal    = {Perspectives on Psychological Science: A Journal of the Association for Psychological Science},
  volume     = {14},
  number     = {6},
  pages      = {1006--1033},
  issn       = {1745-6924},
  doi        = {10.1177/1745691619861372}
}

@inproceedings{Gupta2019,
  title     = {Better {{Word Embeddings}} by {{Disentangling Contextual}} n-{{Gram Information}}},
  booktitle = {Proceedings of the 2019 {{Conference}} of the {{North American Chapter}} of the {{Association}} for {{Computational Linguistics}}: {{Human Language Technologies}}, {{Volume}} 1 ({{Long}} and {{Short Papers}})},
  author    = {Gupta, Prakhar and Pagliardini, Matteo and Jaggi, Martin},
  editor    = {Burstein, Jill and Doran, Christy and Solorio, Thamar},
  year      = {2019},
  month     = jun,
  pages     = {933--939},
  publisher = {{Association for Computational Linguistics}},
  address   = {{Minneapolis, MN}},
  doi       = {10.18653/v1/N19-1098},
  urldate   = {2023-12-18}
}

@inproceedings{Gupta2021,
  title     = {Obtaining {{Better Static Word Embeddings Using Contextual Embedding Models}}},
  booktitle = {Proceedings of the 59th {{Annual Meeting}} of the {{Association}} for {{Computational Linguistics}} and the 11th {{International Joint Conference}} on {{Natural Language Processing}} ({{Volume}} 1: {{Long Papers}})},
  author    = {Gupta, Prakhar and Jaggi, Martin},
  editor    = {Zong, Chengqing and Xia, Fei and Li, Wenjie and Navigli, Roberto},
  year      = {2021},
  month     = aug,
  pages     = {5241--5253},
  publisher = {{Association for Computational Linguistics}},
  address   = {{Online}},
  doi       = {10.18653/v1/2021.acl-long.408},
  urldate   = {2023-12-12}
}

@book{Hacker2019,
  title      = {Wittgenstein: {{Meaning}} and {{Mind}} ({{Volume}} 3 of {{An Analytical Commentary}} on the {{Philosophical Investigations}}), {{Part}} 1: {{Essays}}},
  shorttitle = {Wittgenstein: {{Meaning}} and {{Mind}}},
  author     = {Hacker, P. M. S.},
  year       = {2019},
  edition    = {2},
  volume     = {3},
  publisher  = {{Blackwell Publishing}},
  address    = {{Oxford, UK}},
  isbn       = {978-1-118-95180-4},
  langid     = {english}
}

@article{Harris1954,
  title     = {Distributional {{Structure}}},
  author    = {Harris, Zellig S.},
  year      = {1954},
  month     = aug,
  journal   = {WORD},
  volume    = {10},
  number    = {2-3},
  pages     = {146--162},
  publisher = {{Routledge}},
  issn      = {0043-7956},
  doi       = {10.1080/00437956.1954.11659520}
}

@inproceedings{Hewitt2019,
  title     = {A {{Structural Probe}} for {{Finding Syntax}} in {{Word Representations}}},
  booktitle = {Proceedings of the 2019 {{Conference}} of the {{North American Chapter}} of the {{Association}} for {{Computational Linguistics}}: {{Human Language Technologies}}, {{Volume}} 1 ({{Long}} and {{Short Papers}})},
  author    = {Hewitt, John and Manning, Christopher D.},
  editor    = {Burstein, Jill and Doran, Christy and Solorio, Thamar},
  year      = {2019},
  month     = jun,
  pages     = {4129--4138},
  publisher = {{Association for Computational Linguistics}},
  address   = {{Minneapolis, MN}},
  doi       = {10.18653/v1/N19-1419},
  urldate   = {2023-11-20}
}

@incollection{Hinton1986,
  title      = {Distributed {{Representations}}},
  shorttitle = {Parallel {{Distributed Processing}}, {{Volume}} 1},
  booktitle  = {Parallel {{Distributed Processing}}, {{Volume}} 1: {{Explorations}} in the {{Microstructure}} of {{Cognition}}: {{Foundations}}},
  author     = {Hinton, Geoffrey E. and McClelland, James L. and Rumelhart, David E.},
  year       = {1986},
  month      = jul,
  volume     = {1},
  pages      = {77--109},
  publisher  = {{The MIT Press}},
  address    = {{Cambridge, MA}},
  isbn       = {978-0-262-29140-8},
  langid     = {english}
}

@inproceedings{Hjelmslev1938,
  title     = {Essai d'une th{\'e}orie des morph{\`e}mes},
  booktitle = {Actes du {{Quatri{\`e}me Congr{\`e}s International}} de {{Linguistes}}},
  author    = {Hjelmslev, Louis},
  editor    = {Barr, Ken},
  year      = {1938},
  pages     = {140--151},
  publisher = {{Einar Munksgaard}},
  address   = {{Copenhagen, Denmark}}
}

@article{Houghton2023,
  title      = {Beyond the {{Limitations}} of {{Any Imaginable Mechanism}}: {{Large Language Models}} and {{Psycholinguistics}}},
  shorttitle = {Beyond the {{Limitations}} of {{Any Imaginable Mechanism}}},
  author     = {Houghton, Conor and Kazanina, Nina and Sukumaran, Priyanka},
  year       = {2023},
  month      = jan,
  journal    = {Behavioral and Brain Sciences},
  volume     = {46},
  issn       = {0140-525X, 1469-1825},
  doi        = {10.1017/S0140525X23001693},
  urldate    = {2023-12-09},
  langid     = {english}
}

@inproceedings{Huang2012,
  title     = {Improving {{Word Representations}} via {{Global Context}} and {{Multiple Word Prototypes}}},
  booktitle = {Proceedings of the 50th {{Annual Meeting}} of the {{Association}} for {{Computational Linguistics}} ({{Volume}} 1: {{Long Papers}})},
  author    = {Huang, Eric and Socher, Richard and Manning, Christopher and Ng, Andrew},
  editor    = {Li, Haizhou and Lin, Chin-Yew and Osborne, Miles and Lee, Gary Geunbae and Park, Jong C.},
  year      = {2012},
  month     = jul,
  pages     = {873--882},
  publisher = {{Association for Computational Linguistics}},
  address   = {{Jeju Island, Korea}},
  urldate   = {2023-11-14}
}

@article{Janssen2001,
  title     = {Frege, {{Contextuality}} and {{Compositionality}}},
  author    = {Janssen, Theo M. V.},
  year      = {2001},
  journal   = {Journal of Logic, Language, and Information},
  volume    = {10},
  number    = {1},
  pages     = {115--136},
  publisher = {{Springer}},
  issn      = {0925-8531},
  urldate   = {2023-11-20}
}

@misc{Jurafsky2023,
  title   = {Speech and {{Language Processing}}},
  author  = {Jurafsky, Dan and Martin, James H.},
  year    = {2023},
  journal = {Speech and Language Processing},
  url     = {https://web.stanford.edu/~jurafsky/slp3/},
  urldate = {2023-01-25}
}

@misc{Kaplan2020,
  title         = {Scaling {{Laws}} for {{Neural Language Models}}},
  author        = {Kaplan, Jared and McCandlish, Sam and Henighan, Tom and Brown, Tom B. and Chess, Benjamin and Child, Rewon and Gray, Scott and Radford, Alec and Wu, Jeffrey and Amodei, Dario},
  year          = {2020},
  month         = jan,
  number        = {arXiv:2001.08361},
  eprint        = {2001.08361},
  publisher     = {{arXiv}},
  url           = {http://arxiv.org/abs/2001.08361},
  urldate       = {2023-12-26},
  archiveprefix = {arxiv}
}

@misc{Karpathy2015,
  title   = {The {{Unreasonable Effectiveness}} of {{Recurrent Neural Networks}}},
  author  = {Karpathy, Andrej},
  year    = {2015},
  month   = may,
  url     = {https://karpathy.github.io/2015/05/21/rnn-effectiveness/},
  urldate = {2023-11-05}
}

@phdthesis{Kartsaklis2015,
  title         = {Compositional {{Distributional Semantics}} with {{Compact Closed Categories}} and {{Frobenius Algebras}}},
  author        = {Kartsaklis, Dimitri},
  year          = {2015},
  month         = may,
  eprint        = {1505.00138},
  primaryclass  = {quant-ph},
  url           = {http://arxiv.org/abs/1505.00138},
  urldate       = {2023-10-19},
  archiveprefix = {arxiv},
  school        = {arXiv}
}

@misc{Kartsaklis2021,
  title         = {lambeq: {{An Efficient High-Level Python Library}} for {{Quantum NLP}}},
  shorttitle    = {lambeq},
  author        = {Kartsaklis, Dimitri and Fan, Ian and Yeung, Richie and Pearson, Anna and Lorenz, Robin and Toumi, Alexis and {de Felice}, Giovanni and Meichanetzidis, Konstantinos and Clark, Stephen and Coecke, Bob},
  year          = {2021},
  month         = oct,
  number        = {arXiv:2110.04236},
  eprint        = {2110.04236},
  publisher     = {{arXiv}},
  url           = {http://arxiv.org/abs/2110.04236},
  urldate       = {2023-10-16},
  archiveprefix = {arxiv}
}

@article{Kintsch2001,
  title   = {Predication},
  author  = {Kintsch, Walter},
  year    = {2001},
  month   = mar,
  journal = {Cognitive Science},
  volume  = {25},
  number  = {2},
  pages   = {173--202},
  issn    = {1551-6709},
  doi     = {10.1207/s15516709cog2502_1},
  urldate = {2023-01-24}
}

@article{Kirby2017,
  title   = {Culture and {{Biology}} in the {{Origins}} of {{Linguistic Structure}}},
  author  = {Kirby, Simon},
  year    = {2017},
  month   = feb,
  journal = {Psychonomic Bulletin \& Review},
  volume  = {24},
  number  = {1},
  pages   = {118--137},
  issn    = {1531-5320},
  doi     = {10.3758/s13423-016-1166-7}
}

@inproceedings{Konkol2017,
  title     = {Geographical {{Evaluation}} of {{Word Embeddings}}},
  booktitle = {Proceedings of the {{Eighth International Joint Conference}} on {{Natural Language Processing}} ({{Volume}} 1: {{Long Papers}})},
  author    = {Konkol, Michal and Brychc{\'i}n, Tom{\'a}{\v s} and Nykl, Michal and Hercig, Tom{\'a}{\v s}},
  editor    = {Kondrak, Greg and Watanabe, Taro},
  year      = {2017},
  month     = nov,
  pages     = {224--232},
  publisher = {{Asian Federation of Natural Language Processing}},
  address   = {{Taipei, Taiwan}},
  urldate   = {2024-01-08}
}

@book{Korzybski1995,
  title      = {Science and {{Sanity}}: {{An Introduction}} to {{Non-Aristotelian Systems}} and {{General Semantics}}},
  shorttitle = {Science and {{Sanity}}},
  author     = {Korzybski, Alfred},
  year       = {1995},
  edition    = {5},
  publisher  = {{Institute of General Semantics}},
  address    = {{New York, NY}},
  urldate    = {2024-01-08},
  langid     = {english}
}

@article{Lambek1958,
  title     = {The {{Mathematics}} of {{Sentence Structure}}},
  author    = {Lambek, Joachim},
  year      = {1958},
  journal   = {The American Mathematical Monthly},
  volume    = {65},
  number    = {3},
  pages     = {154--170},
  publisher = {{Mathematical Association of America}},
  issn      = {0002-9890},
  doi       = {10.2307/2310058},
  urldate   = {2023-10-20}
}

@inproceedings{Lambek1999,
  title     = {Type {{Grammar Revisited}}},
  booktitle = {Logical {{Aspects}} of {{Computational Linguistics}}},
  author    = {Lambek, Joachim},
  editor    = {Lecomte, Alain and Lamarche, Fran{\c c}ois and Perrier, Guy},
  year      = {1999},
  series    = {Lecture {{Notes}} in {{Computer Science}}},
  pages     = {1--27},
  publisher = {{Springer}},
  address   = {{Berlin, Germany}},
  doi       = {10.1007/3-540-48975-4_1},
  isbn      = {978-3-540-48975-7},
  langid    = {english}
}

@article{Landauer1997,
  title      = {A {{Solution}} to {{Plato}}'s {{Problem}}: {{The Latent Semantic Analysis Theory}} of {{Acquisition}}, {{Induction}}, and {{Representation}} of {{Knowledge}}},
  shorttitle = {A {{Solution}} to {{Plato}}'s {{Problem}}},
  author     = {Landauer, Thomas K. and Dumais, Susan T.},
  year       = {1997},
  month      = apr,
  journal    = {Psychological Review},
  volume     = {104},
  number     = {2},
  pages      = {211--240},
  issn       = {1939-1471, 0033-295X},
  doi        = {10.1037/0033-295X.104.2.211}
}

@book{Landauer2011,
  title     = {Handbook of {{Latent Semantic Analysis}}},
  editor    = {Landauer, Thomas K. and McNamara, Danielle S. and Dennis, Simon and Kintsch, Walter},
  year      = {2011},
  publisher = {{Routledge}},
  address   = {{New York, NY}},
  doi       = {10.4324/9780203936399},
  urldate   = {2024-01-09},
  isbn      = {978-1-4106-1534-3},
  langid    = {english}
}

@article{Leiserson2020,
  title      = {There's {{Plenty}} of {{Room}} at the {{Top}}: {{What Will Drive Computer Performance After Moore}}'s {{Law}}?},
  shorttitle = {There's {{Plenty}} of {{Room}} at the {{Top}}},
  author     = {Leiserson, Charles E. and Thompson, Neil C. and Emer, Joel S. and Kuszmaul, Bradley C. and Lampson, Butler W. and Sanchez, Daniel and Schardl, Tao B.},
  year       = {2020},
  month      = jun,
  journal    = {Science},
  volume     = {368},
  number     = {6495},
  doi        = {10.1126/science.aam9744},
  urldate    = {2023-12-26}
}

@article{Lenci2008,
  title   = {Distributional {{Semantics}} in {{Linguistic}} and {{Cognitive Research}}},
  author  = {Lenci, Alessandro},
  year    = {2008},
  journal = {Rivista di Linguistica},
  volume  = {20},
  number  = {1},
  pages   = {1--31},
  urldate = {2023-11-29}
}

@article{Lenci2018,
  title   = {Distributional {{Models}} of {{Word Meaning}}},
  author  = {Lenci, Alessandro},
  year    = {2018},
  month   = jan,
  journal = {Annual Review of Linguistics},
  volume  = {4},
  number  = {1},
  pages   = {151--171},
  issn    = {2333-9683, 2333-9691},
  doi     = {10.1146/annurev-linguistics-030514-125254}
}

@article{Lenci2022,
  title   = {A {{Comparative Evaluation}} and {{Analysis}} of {{Three Generations}} of {{Distributional Semantic Models}}},
  author  = {Lenci, Alessandro and Sahlgren, Magnus and Jeuniaux, Patrick and Cuba Gyllensten, Amaru and Miliani, Martina},
  year    = {2022},
  month   = dec,
  journal = {Language Resources and Evaluation},
  volume  = {56},
  number  = {4},
  pages   = {1269--1313},
  issn    = {1574-0218},
  doi     = {10.1007/s10579-021-09575-z},
  urldate = {2024-01-02},
  langid  = {english}
}

@book{Lenci2023,
  title     = {Distributional {{Semantics}}},
  author    = {Lenci, Alessandro and Sahlgren, Magnus},
  year      = {2023},
  series    = {Studies in {{Natural Language Processing}}},
  publisher = {{Cambridge University Press}},
  address   = {{Cambridge, UK}},
  urldate   = {2024-01-02},
  isbn      = {978-1-107-00429-0}
}

@inproceedings{Levy2014,
  title     = {Linguistic {{Regularities}} in {{Sparse}} and {{Explicit Word Representations}}},
  booktitle = {Proceedings of the {{Eighteenth Conference}} on {{Computational Natural Language Learning}}},
  author    = {Levy, Omer and Goldberg, Yoav},
  year      = {2014},
  month     = jun,
  pages     = {171--180},
  publisher = {{Association for Computational Linguistics}},
  address   = {{Ann Arbor, MI}},
  doi       = {10.3115/v1/W14-1618},
  urldate   = {2023-10-24}
}

@inproceedings{Levy2014a,
  title     = {Neural {{Word Embedding}} as {{Implicit Matrix Factorization}}},
  booktitle = {Advances in {{Neural Information Processing Systems}} 27 ({{NIPS}} 2014)},
  author    = {Levy, Omer and Goldberg, Yoav},
  editor    = {Ghahramani, Zoubin and Welling, Max and Cortes, Corinna and Lawrence, Neil D. and Weinberger, Kilian Q.},
  year      = {2014},
  volume    = {27},
  pages     = {2177--2185},
  publisher = {{Curran Associates}},
  address   = {{Montreal, Canada}},
  urldate   = {2024-01-09}
}

@inproceedings{Levy2014c,
  title     = {Neural {{Word Embedding}} as {{Implicit Matrix Factorization}}},
  booktitle = {Advances in {{Neural Information Processing Systems}} 27: {{Annual Conference}} on {{Neural Information Processing Systems}} 2014, {{December}} 8-13 2014, {{Montreal}}, {{Quebec}}, {{Canada}}},
  author    = {Levy, Omer and Goldberg, Yoav},
  editor    = {Ghahramani, Zoubin and Welling, Max and Cortes, Corinna and Lawrence, Neil D. and Weinberger, Kilian Q.},
  year      = {2014},
  pages     = {2177--2185},
  url       = {https://proceedings.neurips.cc/paper/2014/hash/feab05aa91085b7a8012516bc3533958-Abstract.html},
  urldate   = {2024-01-09}
}

@article{Levy2015,
  title   = {Improving {{Distributional Similarity}} with {{Lessons Learned}} from {{Word Embeddings}}},
  author  = {Levy, Omer and Goldberg, Yoav and Dagan, Ido},
  year    = {2015},
  month   = may,
  journal = {Transactions of the Association for Computational Linguistics},
  volume  = {3},
  pages   = {211--225},
  issn    = {2307-387X},
  doi     = {10.1162/tacl_a_00134},
  urldate = {2023-12-08}
}

@article{Lewis2019a,
  title   = {Compositionality for {{Recursive Neural Networks}}},
  author  = {Lewis, Martha},
  year    = {2019},
  month   = jun,
  journal = {Journal of Applied Logics},
  volume  = {6},
  number  = {4},
  pages   = {709--724},
  issn    = {2631-9829},
  urldate = {2023-12-01}
}

@incollection{Lewis2022,
  title     = {Quantum {{Computing}} and {{Cognitive Simulation}}},
  booktitle = {Quantum {{Computing}} in the {{Arts}} and {{Humanities}}: {{An Introduction}} to {{Core Concepts}}, {{Theory}} and {{Applications}}},
  author    = {Lewis, Martha},
  editor    = {Miranda, Eduardo Reck},
  year      = {2022},
  pages     = {53--105},
  publisher = {{Springer International Publishing}},
  address   = {{Cham, Switzerland}},
  isbn      = {978-3-030-95538-0}
}

@misc{Li2023a,
  title         = {Task {{Contamination}}: {{Language Models May Not Be Few-Shot Anymore}}},
  shorttitle    = {Task {{Contamination}}},
  author        = {Li, Changmao and Flanigan, Jeffrey},
  year          = {2023},
  month         = dec,
  number        = {arXiv:2312.16337},
  eprint        = {2312.16337},
  publisher     = {{arXiv}},
  url           = {http://arxiv.org/abs/2312.16337},
  urldate       = {2024-01-01},
  archiveprefix = {arxiv}
}

@inproceedings{Lin1998,
  title     = {Automatic {{Retrieval}} and {{Clustering}} of {{Similar Words}}},
  booktitle = {36th {{Annual Meeting}} of the {{Association}} for {{Computational Linguistics}} and 17th {{International Conference}} on {{Computational Linguistics}}, {{Volume}} 2},
  author    = {Lin, Dekang},
  year      = {1998},
  month     = aug,
  pages     = {768--774},
  publisher = {{Association for Computational Linguistics}},
  address   = {{Montreal, Canada}},
  doi       = {10.3115/980691.980696},
  urldate   = {2023-10-24}
}

@misc{Liu2020,
  title     = {A {{Survey}} on {{Contextual Embeddings}}},
  author    = {Liu, Qi and Kusner, Matt J. and Blunsom, Phil},
  year      = {2020},
  month     = apr,
  publisher = {{arXiv}},
  url       = {http://arxiv.org/abs/2003.07278},
  urldate   = {2023-01-28}
}

@article{Liu2021,
  title     = {Wittgenstein in the {{Machine}}},
  author    = {Liu, Lydia H.},
  year      = {2021},
  month     = mar,
  journal   = {Critical Inquiry},
  volume    = {47},
  number    = {3},
  pages     = {425--455},
  publisher = {{The University of Chicago Press}},
  issn      = {0093-1896},
  doi       = {10.1086/713551},
  urldate   = {2023-11-20}
}

@article{Lund1996,
  title   = {Producing {{High-Dimensional Semantic Spaces}} from {{Lexical Co-occurrence}}},
  author  = {Lund, Kevin and Burgess, Curt},
  year    = {1996},
  month   = jun,
  journal = {Behavior Research Methods, Instruments, \& Computers},
  volume  = {28},
  number  = {2},
  pages   = {203--208},
  issn    = {1532-5970},
  doi     = {10.3758/BF03204766},
  urldate = {2023-11-21},
  langid  = {english}
}

@inproceedings{Masterman1965,
  title     = {Semantic {{Algorithms}}},
  booktitle = {Proceedings of the {{Conference}} on {{Computer-Related Semantics}}},
  author    = {Masterman, Margaret},
  year      = {1965},
  volume    = {4},
  pages     = {1--97},
  address   = {{Las Vegas, NV}},
  urldate   = {2023-12-01}
}

@book{Matthews2001,
  title     = {A {{Short History}} of {{Structural Linguistics}}},
  author    = {Matthews, P. H.},
  year      = {2001},
  publisher = {{Cambridge University Press}},
  address   = {{Cambridge, UK}},
  isbn      = {978-0-521-62367-4},
  langid    = {english},
  lccn      = {P146 .M36 2001}
}

@inproceedings{McCann2017,
  title      = {Learned in {{Translation}}: {{Contextualized Word Vectors}}},
  shorttitle = {Learned in {{Translation}}},
  booktitle  = {Advances in {{Neural Information Processing Systems}} 30 ({{NIPS}} 2017)},
  author     = {McCann, Bryan and Bradbury, James and Xiong, Caiming and Socher, Richard},
  editor     = {Guyon, Isabelle and von Luxburg, Ulrike and Bengio, Samy and Wallach, Hanna M. and Fergus, Rob and Vishwanathan, S. V. N. and Garnett, Roman},
  year       = {2017},
  volume     = {30},
  pages      = {6294--6305},
  publisher  = {{Curran Associates}},
  address    = {{Long Beach, CA}},
  urldate    = {2023-11-20},
  isbn       = {978-1-5108-6096-4}
}

@article{Meichanetzidis2021,
  title   = {Quantum {{Natural Language Processing}} on {{Near-Term Quantum Computers}}},
  author  = {Meichanetzidis, Konstantinos and Gogioso, Stefano and {de Felice}, Giovanni and Chiappori, Nicol{\`o} and Toumi, Alexis and Coecke, Bob},
  year    = {2021},
  month   = sep,
  journal = {Electronic Proceedings in Theoretical Computer Science},
  volume  = {340},
  pages   = {213--229},
  issn    = {2075-2180},
  doi     = {10.4204/EPTCS.340.11},
  urldate = {2023-10-27},
  langid  = {english}
}

@article{Meichanetzidis2023,
  title   = {Grammar-{{Aware Sentence Classification}} on {{Quantum Computers}}},
  author  = {Meichanetzidis, Konstantinos and Toumi, Alexis and {de Felice}, Giovanni and Coecke, Bob},
  year    = {2023},
  month   = feb,
  journal = {Quantum Machine Intelligence},
  volume  = {5},
  number  = {1},
  pages   = {10},
  issn    = {2524-4914},
  doi     = {10.1007/s42484-023-00097-1},
  urldate = {2023-10-16},
  langid  = {english}
}

@inproceedings{Mikolov2013,
  title     = {Efficient {{Estimation}} of {{Word Representations}} in {{Vector Space}}},
  booktitle = {1st {{International Conference}} on {{Learning Representations}}, {{ICLR}} 2013, {{Workshop Track Proceedings}}},
  author    = {Mikolov, Tom{\'a}{\v s} and Chen, Kai and Corrado, Greg and Dean, Jeffrey},
  editor    = {Bengio, Yoshua and LeCun, Yann},
  year      = {2013},
  month     = may,
  address   = {{Scottsdale, AZ}},
  urldate   = {2023-12-18}
}

@inproceedings{Mikolov2013a,
  title     = {Distributed {{Representations}} of {{Words}} and {{Phrases}} and {{Their Compositionality}}},
  booktitle = {Advances in {{Neural Information Processing Systems}} 26 ({{NIPS}} 2013)},
  author    = {Mikolov, Tom{\'a}{\v s} and Sutskever, Ilya and Chen, Kai and Corrado, Gregory S. and Dean, Jeffrey},
  editor    = {Burges, Christopher J. C. and Bottou, L{\'e}on and Ghahramani, Zoubin and Weinberger, Kilian Q.},
  year      = {2013},
  volume    = {26},
  pages     = {3111--3119},
  publisher = {{Curran Associates}},
  address   = {{Lake Tahoe, NV}},
  urldate   = {2024-01-09}
}

@inproceedings{Mikolov2018,
  title     = {Advances in {{Pre-Training Distributed Word Representations}}},
  booktitle = {Proceedings of the {{Eleventh International Conference}} on {{Language Resources}} and {{Evaluation}} ({{LREC}} 2018)},
  author    = {Mikolov, Tom{\'a}{\v s} and Grave, Edouard and Bojanowski, Piotr and Puhrsch, Christian and Joulin, Armand},
  year      = {2018},
  month     = may,
  publisher = {{European Language Resources Association (ELRA)}},
  address   = {{Miyazaki, Japan}},
  urldate   = {2023-10-13}
}

@inproceedings{Milajevs2014,
  title     = {Evaluating {{Neural Word Representations}} in {{Tensor-Based Compositional Settings}}},
  booktitle = {Proceedings of the 2014 {{Conference}} on {{Empirical Methods}} in {{Natural Language Processing}} ({{EMNLP}})},
  author    = {Milajevs, Dmitrijs and Kartsaklis, Dimitri and Sadrzadeh, Mehrnoosh and Purver, Matthew},
  editor    = {Moschitti, Alessandro and Pang, Bo and Daelemans, Walter},
  year      = {2014},
  month     = oct,
  pages     = {708--719},
  publisher = {{Association for Computational Linguistics}},
  address   = {{Doha, Qatar}},
  doi       = {10.3115/v1/D14-1079},
  urldate   = {2024-01-08}
}

@article{Miller1991,
  title     = {Contextual {{Correlates}} of {{Semantic Similarity}}},
  author    = {Miller, George A. and Charles, Walter G.},
  year      = {1991},
  month     = jan,
  journal   = {Language and Cognitive Processes},
  volume    = {6},
  number    = {1},
  pages     = {1--28},
  publisher = {{Routledge}},
  issn      = {0169-0965},
  doi       = {10.1080/01690969108406936},
  urldate   = {2024-01-02}
}

@inproceedings{Mitchell2008,
  title     = {Vector-{{Based Models}} of {{Semantic Composition}}},
  booktitle = {Proceedings of {{ACL-08}}: {{HLT}}},
  author    = {Mitchell, Jeff and Lapata, Mirella},
  editor    = {Moore, Johanna D. and Teufel, Simone and Allan, James and Furui, Sadaoki},
  year      = {2008},
  month     = jun,
  pages     = {236--244},
  publisher = {{Association for Computational Linguistics}},
  address   = {{Columbus, OH}},
  urldate   = {2023-12-18}
}

@inproceedings{Mitchell2009,
  title     = {Language {{Models Based}} on {{Semantic Composition}}},
  booktitle = {Proceedings of the 2009 {{Conference}} on {{Empirical Methods}} in {{Natural Language Processing}}},
  author    = {Mitchell, Jeff and Lapata, Mirella},
  year      = {2009},
  month     = aug,
  pages     = {430--439},
  publisher = {{Association for Computational Linguistics}},
  address   = {{Singapore}},
  urldate   = {2023-10-19}
}

@article{Mitchell2010,
  title   = {Composition in {{Distributional Models}} of {{Semantics}}},
  author  = {Mitchell, Jeff and Lapata, Mirella},
  year    = {2010},
  month   = nov,
  journal = {Cognitive Science},
  volume  = {34},
  number  = {8},
  pages   = {1388--1429},
  issn    = {03640213},
  doi     = {10.1111/j.1551-6709.2010.01106.x},
  urldate = {2023-01-14}
}

@inproceedings{Mnih2007,
  title     = {Three {{New Graphical Models}} for {{Statistical Language Modelling}}},
  booktitle = {Proceedings of the 24th {{International Conference}} on {{Machine Learning}}},
  author    = {Mnih, Andriy and Hinton, Geoffrey},
  year      = {2007},
  month     = jun,
  series    = {{{ICML}} '07},
  pages     = {641--648},
  publisher = {{Association for Computing Machinery}},
  address   = {{New York, NY}},
  doi       = {10.1145/1273496.1273577},
  urldate   = {2023-11-20},
  isbn      = {978-1-59593-793-3}
}

@inproceedings{Mnih2013,
  title     = {Learning {{Word Embeddings Efficiently}} with {{Noise-Contrastive Estimation}}},
  booktitle = {Advances in {{Neural Information Processing Systems}} 26 ({{NIPS}} 2013)},
  author    = {Mnih, Andriy and Kavukcuoglu, Koray},
  editor    = {Burges, Christopher J. C. and Bottou, L{\'e}on and Ghahramani, Zoubin and Weinberger, Kilian Q.},
  year      = {2013},
  volume    = {26},
  pages     = {2265--2273},
  publisher = {{Curran Associates}},
  address   = {{Lake Tahoe, NV}},
  urldate   = {2023-11-17}
}

@book{Montague1974,
  title     = {Formal {{Philosophy}}: {{Selected Papers}} of {{Richard Montague}}},
  author    = {Montague, Richard},
  year      = {1974},
  publisher = {{Yale University Press}},
  address   = {{New Haven, CT}},
  isbn      = {978-0-300-01527-0},
  lccn      = {B945.M491 T5}
}

@incollection{Moyal-Sharrock2017,
  title      = {Universal {{Grammar}}: {{Wittgenstein Versus Chomsky}}},
  shorttitle = {Universal {{Grammar}}},
  booktitle  = {A {{Companion}} to {{Wittgenstein}} on {{Education}}: {{Pedagogical Investigations}}},
  author     = {{Moyal-Sharrock}, Dani{\`e}le},
  editor     = {Peters, Michael A. and Stickney, Jeff},
  year       = {2017},
  pages      = {573--599},
  publisher  = {{Springer Singapore}},
  address    = {{Singapore}},
  urldate    = {2023-12-02},
  isbn       = {978-981-10-3136-6},
  langid     = {english}
}

@inproceedings{Pado2003,
  title     = {Constructing {{Semantic Space Models}} from {{Parsed Corpora}}},
  booktitle = {Proceedings of the 41st {{Annual Meeting}} of the {{Association}} for {{Computational Linguistics}}},
  author    = {Pad{\'o}, Sebastian and Lapata, Mirella},
  year      = {2003},
  month     = jul,
  pages     = {128--135},
  publisher = {{Association for Computational Linguistics}},
  address   = {{Sapporo, Japan}},
  doi       = {10.3115/1075096.1075113},
  urldate   = {2023-12-03}
}

@article{Pado2007,
  title   = {Dependency-{{Based Construction}} of {{Semantic Space Models}}},
  author  = {Pad{\'o}, Sebastian and Lapata, Mirella},
  year    = {2007},
  month   = jun,
  journal = {Computational Linguistics},
  volume  = {33},
  number  = {2},
  pages   = {161--199},
  issn    = {0891-2017, 1530-9312},
  doi     = {10.1162/coli.2007.33.2.161},
  urldate = {2023-01-14}
}

@book{Partee2004,
  title      = {Compositionality in {{Formal Semantics}}: {{Selected Papers}} by {{Barbara H}}. {{Partee}}},
  shorttitle = {Compositionality in {{Formal Semantics}}},
  author     = {Partee, Barbara H.},
  editor     = {Rothstein, Susan},
  year       = {2004},
  series     = {Explorations in {{Semantics}}},
  publisher  = {{Blackwell Publishing}},
  address    = {{Malden, MA}},
  isbn       = {978-0-470-75129-9},
  langid     = {english}
}

@inproceedings{Pelevina2016,
  title     = {Making {{Sense}} of {{Word Embeddings}}},
  booktitle = {Proceedings of the 1st {{Workshop}} on {{Representation Learning}} for {{NLP}}},
  author    = {Pelevina, Maria and Arefiev, Nikolay and Biemann, Chris and Panchenko, Alexander},
  editor    = {Blunsom, Phil and Cho, Kyunghyun and Cohen, Shay and Grefenstette, Edward and Hermann, Karl Moritz and Rimell, Laura and Weston, Jason and Yih, Scott Wen-tau},
  year      = {2016},
  month     = aug,
  pages     = {174--183},
  publisher = {{Association for Computational Linguistics}},
  address   = {{Berlin, Germany}},
  doi       = {10.18653/v1/W16-1620},
  urldate   = {2024-01-08}
}

@article{Pelletier2001,
  title     = {Did {{Frege Believe Frege}}'s {{Principle}}?},
  author    = {Pelletier, Francis Jeffry},
  year      = {2001},
  journal   = {Journal of Logic, Language, and Information},
  volume    = {10},
  number    = {1},
  pages     = {87--114},
  publisher = {{Springer}},
  issn      = {0925-8531},
  urldate   = {2023-10-28}
}

@inproceedings{Pennington2014,
  title      = {{{GloVe}}: {{Global Vectors}} for {{Word Representation}}},
  shorttitle = {{{GloVe}}},
  booktitle  = {Proceedings of the 2014 {{Conference}} on {{Empirical Methods}} in {{Natural Language Processing}} ({{EMNLP}})},
  author     = {Pennington, Jeffrey and Socher, Richard and Manning, Christopher D.},
  editor     = {Moschitti, Alessandro and Pang, Bo and Daelemans, Walter},
  year       = {2014},
  month      = oct,
  pages      = {1532--1543},
  publisher  = {{Association for Computational Linguistics}},
  address    = {{Doha, Qatar}},
  doi        = {10.3115/v1/D14-1162},
  urldate    = {2023-11-17}
}

@inproceedings{Peters2017,
  title     = {Semi-{{Supervised Sequence Tagging}} with {{Bidirectional Language Models}}},
  booktitle = {Proceedings of the 55th {{Annual Meeting}} of the {{Association}} for {{Computational Linguistics}} ({{Volume}} 1: {{Long Papers}})},
  author    = {Peters, Matthew E. and Ammar, Waleed and Bhagavatula, Chandra and Power, Russell},
  editor    = {Barzilay, Regina and Kan, Min-Yen},
  year      = {2017},
  month     = jul,
  pages     = {1756--1765},
  publisher = {{Association for Computational Linguistics}},
  address   = {{Vancouver, Canada}},
  doi       = {10.18653/v1/P17-1161},
  urldate   = {2024-01-07}
}

@inproceedings{Peters2018,
  title      = {Dissecting {{Contextual Word Embeddings}}: {{Architecture}} and {{Representation}}},
  shorttitle = {Dissecting {{Contextual Word Embeddings}}},
  booktitle  = {Proceedings of the 2018 {{Conference}} on {{Empirical Methods}} in {{Natural Language Processing}}},
  author     = {Peters, Matthew E. and Neumann, Mark and Zettlemoyer, Luke and Yih, Wen-tau},
  editor     = {Riloff, Ellen and Chiang, David and Hockenmaier, Julia and Tsujii, Jun'ichi},
  year       = {2018},
  month      = oct,
  pages      = {1499--1509},
  publisher  = {{Association for Computational Linguistics}},
  address    = {{Brussels, Belgium}},
  doi        = {10.18653/v1/D18-1179},
  urldate    = {2024-01-08}
}

@inproceedings{Peters2018a,
  title     = {Deep {{Contextualized Word Representations}}},
  booktitle = {Proceedings of the 2018 {{Conference}} of the {{North American Chapter}} of the {{Association}} for {{Computational Linguistics}}: {{Human Language Technologies}}, {{Volume}} 1 ({{Long Papers}})},
  author    = {Peters, Matthew E. and Neumann, Mark and Iyyer, Mohit and Gardner, Matt and Clark, Christopher and Lee, Kenton and Zettlemoyer, Luke},
  editor    = {Walker, Marilyn and Ji, Heng and Stent, Amanda},
  year      = {2018},
  month     = jun,
  pages     = {2227--2237},
  publisher = {{Association for Computational Linguistics}},
  address   = {{New Orleans, LA}},
  doi       = {10.18653/v1/N18-1202},
  urldate   = {2023-11-20}
}

@inproceedings{Press2017,
  title     = {Using the {{Output Embedding}} to {{Improve Language Models}}},
  booktitle = {Proceedings of the 15th {{Conference}} of the {{European Chapter}} of the {{Association}} for {{Computational Linguistics}}: {{Volume}} 2, {{Short Papers}}},
  author    = {Press, Ofir and Wolf, Lior},
  editor    = {Lapata, Mirella and Blunsom, Phil and Koller, Alexander},
  year      = {2017},
  month     = apr,
  pages     = {157--163},
  publisher = {{Association for Computational Linguistics}},
  address   = {{Valencia, Spain}},
  urldate   = {2023-12-01}
}

@misc{Radford2018,
  title   = {Improving {{Language Understanding}} by {{Generative Pre-Training}}},
  author  = {Radford, Alec and Narasimhan, Karthik and Salimans, Tim and Sutskever, Ilya},
  year    = {2018},
  url     = {https://cdn.openai.com/research-covers/language-unsupervised/language_understanding_paper.pdf},
  urldate = {2023-12-08},
  langid  = {english}
}

@misc{Radford2019,
  title   = {Language {{Models}} are {{Unsupervised Multitask Learners}}},
  author  = {Radford, Alec and Wu, Jeffrey and Child, Rewon and Luan, David and Amodei, Dario and Sutskever, Ilya},
  year    = {2019},
  url     = {https://cdn.openai.com/better-language-models/language_models_are_unsupervised_multitask_learners.pdf},
  urldate = {2023-12-08},
  langid  = {english}
}

@inproceedings{Reisinger2010,
  title     = {Multi-{{Prototype Vector-Space Models}} of {{Word Meaning}}},
  booktitle = {Human {{Language Technologies}}: {{The}} 2010 {{Annual Conference}} of the {{North American Chapter}} of the {{Association}} for {{Computational Linguistics}}},
  author    = {Reisinger, Joseph and Mooney, Raymond J.},
  editor    = {Kaplan, Ron and Burstein, Jill and Harper, Mary and Penn, Gerald},
  year      = {2010},
  month     = jun,
  pages     = {109--117},
  publisher = {{Association for Computational Linguistics}},
  address   = {{Los Angeles, CA}},
  urldate   = {2023-11-25}
}

@article{Rosenfeld2000,
  title      = {Two {{Decades}} of {{Statistical Language Modeling}}: {{Where Do We Go}} from {{Here}}?},
  shorttitle = {Two {{Decades}} of {{Statistical Language Modeling}}},
  author     = {Rosenfeld, R.},
  year       = {2000},
  month      = aug,
  journal    = {Proceedings of the IEEE},
  volume     = {88},
  number     = {8},
  pages      = {1270--1278},
  issn       = {1558-2256},
  doi        = {10.1109/5.880083},
  urldate    = {2023-12-11}
}

@article{Rumelhart1973,
  title   = {A {{Model}} for {{Analogical Reasoning}}},
  author  = {Rumelhart, David E. and Abrahamson, Adele A.},
  year    = {1973},
  month   = jul,
  journal = {Cognitive Psychology},
  volume  = {5},
  number  = {1},
  pages   = {1--28},
  issn    = {00100285},
  doi     = {10.1016/0010-0285(73)90023-6},
  urldate = {2023-11-30},
  langid  = {english}
}

@article{Rumelhart1986,
  title   = {Learning {{Representations}} by {{Back-Propagating Errors}}},
  author  = {Rumelhart, David E. and Hinton, Geoffrey E. and Williams, Ronald J.},
  year    = {1986},
  month   = oct,
  journal = {Nature},
  volume  = {323},
  pages   = {533--536},
  langid  = {english}
}

@book{Sahlgren2006,
  title      = {The {{Word-Space Model}}: {{Using Distributional Analysis}} to {{Represent Syntagmatic}} and {{Paradigmatic Relations Between Words}} in {{High-Dimensional Vector Spaces}}},
  shorttitle = {The {{Word-Space Model}}},
  author     = {Sahlgren, Magnus},
  year       = {2006},
  series     = {{{SICS Dissertation Series}}},
  number     = {44},
  publisher  = {{Department of Linguistics, Stockholm University}},
  address    = {{Stockholm, Sweden}},
  isbn       = {978-91-7155-281-5},
  langid     = {english}
}

@article{Sahlgren2008,
  title   = {The {{Distributional Hypothesis}}},
  author  = {Sahlgren, Magnus},
  year    = {2008},
  journal = {Italian Journal of Disability Studies},
  volume  = {20},
  pages   = {33--53},
  urldate = {2023-11-28}
}

@inproceedings{Sahlgren2016,
  title     = {The {{Effects}} of {{Data Size}} and {{Frequency Range}} on {{Distributional Semantic Models}}},
  booktitle = {Proceedings of the 2016 {{Conference}} on {{Empirical Methods}} in {{Natural Language Processing}}},
  author    = {Sahlgren, Magnus and Lenci, Alessandro},
  editor    = {Su, Jian and Duh, Kevin and Carreras, Xavier},
  year      = {2016},
  month     = nov,
  pages     = {975--980},
  publisher = {{Association for Computational Linguistics}},
  address   = {{Austin, TX}},
  doi       = {10.18653/v1/D16-1099},
  urldate   = {2023-12-01}
}

@book{Salton1971,
  title        = {The {{SMART Retrieval System}}: {{Experiments}} in {{Automatic Document Processing}}},
  shorttitle   = {The {{SMART Retrieval System}}},
  author       = {Salton, Gerard},
  year         = {1971},
  publisher    = {{Prentice-Hall}},
  address      = {{Englewood Cliffs, NJ}},
  collaborator = {{Internet Archive}},
  isbn         = {978-0-13-814525-5},
  langid       = {english}
}

@book{Saussure2011,
  title      = {Course in {{General Linguistics}}},
  author     = {de Saussure, Ferdinand},
  editor     = {Meisel, Perry},
  translator = {Meisel, Wade Baskin Edited by Perry and Saussy, Haun},
  year       = {2011},
  month      = jun,
  publisher  = {{Columbia University Press}},
  address    = {{New York, NY}},
  isbn       = {978-0-231-52795-8}
}

@article{Schmidhuber1996,
  title   = {Sequential {{Neural Text Compression}}},
  author  = {Schmidhuber, J. and Heil, S.},
  year    = {1996},
  month   = jan,
  journal = {IEEE Transactions on Neural Networks},
  volume  = {7},
  number  = {1},
  pages   = {142--146},
  issn    = {1941-0093},
  doi     = {10.1109/72.478398},
  urldate = {2024-01-07}
}

@inproceedings{Schutze1993,
  title     = {A {{Vector Model}} for {{Syntagmatic}} and {{Paradigmatic Relatedness}}},
  booktitle = {Proceedings of the 9th {{Annual Conference}} of the {{UW Centre}} for the {{New OED}} and {{Text Research}}},
  author    = {Sch{\"u}tze, Hinrich and Pedersen, Jan},
  year      = {1993},
  pages     = {104--113},
  urldate   = {2023-11-30}
}

@article{Schutze1998,
  title     = {Automatic {{Word Sense Discrimination}}},
  author    = {Sch{\"u}tze, Hinrich},
  editor    = {Hirschberg, Julia},
  year      = {1998},
  journal   = {Computational Linguistics},
  volume    = {24},
  number    = {1},
  pages     = {97--123},
  publisher = {{MIT Press}},
  address   = {{Cambridge, MA}},
  urldate   = {2023-11-25}
}

@article{Smolensky1990,
  title   = {Tensor {{Product Variable Binding}} and the {{Representation}} of {{Symbolic Structures}} in {{Connectionist Systems}}},
  author  = {Smolensky, Paul},
  year    = {1990},
  month   = nov,
  journal = {Artificial Intelligence},
  volume  = {46},
  number  = {1-2},
  pages   = {159--216},
  issn    = {00043702},
  doi     = {10.1016/0004-3702(90)90007-M},
  urldate = {2023-01-14}
}

@book{Smolensky2006,
  title      = {The {{Harmonic Mind}}: {{From Neural Computation}} to {{Optimality-Theoretic Grammar Volume I}}: {{Cognitive Architecture}}},
  shorttitle = {The {{Harmonic Mind}}},
  author     = {Smolensky, Paul and Legendre, G{\'e}raldine},
  year       = {2006},
  volume     = {1},
  publisher  = {{The MIT Press}},
  address    = {{Cambridge, MA}},
  isbn       = {978-0-262-19526-3}
}

@inproceedings{Socher2012,
  title     = {Semantic {{Compositionality}} through {{Recursive Matrix-Vector Spaces}}},
  booktitle = {Proceedings of the 2012 {{Joint Conference}} on {{Empirical Methods}} in {{Natural Language Processing}} and {{Computational Natural Language Learning}}},
  author    = {Socher, Richard and Huval, Brody and Manning, Christopher D. and Ng, Andrew Y.},
  year      = {2012},
  month     = jul,
  pages     = {1201--1211},
  publisher = {{Association for Computational Linguistics}},
  address   = {{Jeju Island, Korea}},
  urldate   = {2023-10-20}
}

@inproceedings{Socher2013,
  title     = {Recursive {{Deep Models}} for {{Semantic Compositionality Over}} a {{Sentiment Treebank}}},
  booktitle = {Proceedings of the 2013 {{Conference}} on {{Empirical Methods}} in {{Natural Language Processing}}},
  author    = {Socher, Richard and Perelygin, Alex and Wu, Jean and Chuang, Jason and Manning, Christopher D. and Ng, Andrew and Potts, Christopher},
  year      = {2013},
  month     = oct,
  pages     = {1631--1642},
  publisher = {{Association for Computational Linguistics}},
  address   = {{Seattle, WA}}
}

@article{Srivastava2023,
  title      = {Beyond the {{Imitation Game}}: {{Quantifying}} and {{Extrapolating}} the {{Capabilities}} of {{Language Models}}},
  shorttitle = {Beyond the {{Imitation Game}}},
  author     = {Srivastava, Aarohi and Rastogi, Abhinav and Rao, Abhishek and Shoeb, Abu Awal Md and Abid, Abubakar and Fisch, Adam and Brown, Adam R. and Santoro, Adam and Gupta, Aditya and {Garriga-Alonso}, Adri{\`a} and Kluska, Agnieszka and Lewkowycz, Aitor and Agarwal, Akshat and Power, Alethea and Ray, Alex and Warstadt, Alex and Kocurek, Alexander W. and Safaya, Ali and Tazarv, Ali and Xiang, Alice and Parrish, Alicia and Nie, Allen and Hussain, Aman and Askell, Amanda and Dsouza, Amanda and Slone, Ambrose and Rahane, Ameet and Iyer, Anantharaman S. and Andreassen, Anders Johan and Madotto, Andrea and Santilli, Andrea and Stuhlm{\"u}ller, Andreas and Dai, Andrew M. and La, Andrew and Lampinen, Andrew and Zou, Andy and Jiang, Angela and Chen, Angelica and Vuong, Anh and Gupta, Animesh and Gottardi, Anna and Norelli, Antonio and Venkatesh, Anu and Gholamidavoodi, Arash and Tabassum, Arfa and Menezes, Arul and Kirubarajan, Arun and Mullokandov, Asher and Sabharwal, Ashish and Herrick, Austin and Efrat, Avia and Erdem, Aykut and Karaka{\c s}, Ayla and Roberts, B. Ryan and Loe, Bao Sheng and Zoph, Barret and Bojanowski, Bart{\l}omiej and {\"O}zyurt, Batuhan and Hedayatnia, Behnam and Neyshabur, Behnam and Inden, Benjamin and Stein, Benno and Ekmekci, Berk and Lin, Bill Yuchen and Howald, Blake and Orinion, Bryan and Diao, Cameron and Dour, Cameron and Stinson, Catherine and Argueta, Cedrick and Ferri, Cesar and Singh, Chandan and Rathkopf, Charles and Meng, Chenlin and Baral, Chitta and Wu, Chiyu and {Callison-Burch}, Chris and Waites, Christopher and Voigt, Christian and Manning, Christopher D. and Potts, Christopher and Ramirez, Cindy and Rivera, Clara E. and Siro, Clemencia and Raffel, Colin and Ashcraft, Courtney and Garbacea, Cristina and Sileo, Damien and Garrette, Dan and Hendrycks, Dan and Kilman, Dan and Roth, Dan and Freeman, C. Daniel and Khashabi, Daniel and Levy, Daniel and Gonz{\'a}lez, Daniel Mosegu{\'i} and Perszyk, Danielle and Hernandez, Danny and Chen, Danqi and Ippolito, Daphne and Gilboa, Dar and Dohan, David and Drakard, David and Jurgens, David and Datta, Debajyoti and Ganguli, Deep and Emelin, Denis and Kleyko, Denis and Yuret, Deniz and Chen, Derek and Tam, Derek and Hupkes, Dieuwke and Misra, Diganta and Buzan, Dilyar and Mollo, Dimitri Coelho and Yang, Diyi and Lee, Dong-Ho and Schrader, Dylan and Shutova, Ekaterina and Cubuk, Ekin Dogus and Segal, Elad and Hagerman, Eleanor and Barnes, Elizabeth and Donoway, Elizabeth and Pavlick, Ellie and Rodol{\`a}, Emanuele and Lam, Emma and Chu, Eric and Tang, Eric and Erdem, Erkut and Chang, Ernie and Chi, Ethan A. and Dyer, Ethan and Jerzak, Ethan and Kim, Ethan and Manyasi, Eunice Engefu and Zheltonozhskii, Evgenii and Xia, Fanyue and Siar, Fatemeh and {Mart{\'i}nez-Plumed}, Fernando and Happ{\'e}, Francesca and Chollet, Francois and Rong, Frieda and Mishra, Gaurav and Winata, Genta Indra and de Melo, Gerard and Kruszewski, Germ{\'a}n and Parascandolo, Giambattista and Mariani, Giorgio and Wang, Gloria Xinyue and {Jaimovitch-Lopez}, Gonzalo and Betz, Gregor and {Gur-Ari}, Guy and Galijasevic, Hana and Kim, Hannah and Rashkin, Hannah and Hajishirzi, Hannaneh and Mehta, Harsh and Bogar, Hayden and Shevlin, Henry Francis Anthony and Schuetze, Hinrich and Yakura, Hiromu and Zhang, Hongming and Wong, Hugh Mee and Ng, Ian and Noble, Isaac and Jumelet, Jaap and Geissinger, Jack and Kernion, Jackson and Hilton, Jacob and Lee, Jaehoon and Fisac, Jaime Fern{\'a}ndez and Simon, James B. and Koppel, James and Zheng, James and Zou, James and Kocon, Jan and Thompson, Jana and Wingfield, Janelle and Kaplan, Jared and Radom, Jarema and {Sohl-Dickstein}, Jascha and Phang, Jason and Wei, Jason and Yosinski, Jason and Novikova, Jekaterina and Bosscher, Jelle and Marsh, Jennifer and Kim, Jeremy and Taal, Jeroen and Engel, Jesse and Alabi, Jesujoba and Xu, Jiacheng and Song, Jiaming and Tang, Jillian and Waweru, Joan and Burden, John and Miller, John and Balis, John U. and Batchelder, Jonathan and Berant, Jonathan and Frohberg, J{\"o}rg and Rozen, Jos and {Hernandez-Orallo}, Jose and Boudeman, Joseph and Guerr, Joseph and Jones, Joseph and Tenenbaum, Joshua B. and Rule, Joshua S. and Chua, Joyce and Kanclerz, Kamil and Livescu, Karen and Krauth, Karl and Gopalakrishnan, Karthik and Ignatyeva, Katerina and Markert, Katja and Dhole, Kaustubh and Gimpel, Kevin and Omondi, Kevin and Mathewson, Kory Wallace and Chiafullo, Kristen and Shkaruta, Ksenia and Shridhar, Kumar and McDonell, Kyle and Richardson, Kyle and Reynolds, Laria and Gao, Leo and Zhang, Li and Dugan, Liam and Qin, Lianhui and {Contreras-Ochando}, Lidia and Morency, Louis-Philippe and Moschella, Luca and Lam, Lucas and Noble, Lucy and Schmidt, Ludwig and He, Luheng and {Oliveros-Col{\'o}n}, Luis and Metz, Luke and Senel, L{\"u}tfi Kerem and Bosma, Maarten and Sap, Maarten and Hoeve, Maartje Ter and Farooqi, Maheen and Faruqui, Manaal and Mazeika, Mantas and Baturan, Marco and Marelli, Marco and Maru, Marco and {Ramirez-Quintana}, Maria Jose and Tolkiehn, Marie and Giulianelli, Mario and Lewis, Martha and Potthast, Martin and Leavitt, Matthew L. and Hagen, Matthias and Schubert, M{\'a}ty{\'a}s and Baitemirova, Medina Orduna and Arnaud, Melody and McElrath, Melvin and Yee, Michael Andrew and Cohen, Michael and Gu, Michael and Ivanitskiy, Michael and Starritt, Michael and Strube, Michael and Sw{\k{e}}drowski, Micha{\l} and Bevilacqua, Michele and Yasunaga, Michihiro and Kale, Mihir and Cain, Mike and Xu, Mimee and Suzgun, Mirac and Walker, Mitch and Tiwari, Mo and Bansal, Mohit and Aminnaseri, Moin and Geva, Mor and Gheini, Mozhdeh and T, Mukund Varma and Peng, Nanyun and Chi, Nathan Andrew and Lee, Nayeon and Krakover, Neta Gur-Ari and Cameron, Nicholas and Roberts, Nicholas and Doiron, Nick and Martinez, Nicole and Nangia, Nikita and Deckers, Niklas and Muennighoff, Niklas and Keskar, Nitish Shirish and Iyer, Niveditha S. and Constant, Noah and Fiedel, Noah and Wen, Nuan and Zhang, Oliver and Agha, Omar and Elbaghdadi, Omar and Levy, Omer and Evans, Owain and Casares, Pablo Antonio Moreno and Doshi, Parth and Fung, Pascale and Liang, Paul Pu and Vicol, Paul and Alipoormolabashi, Pegah and Liao, Peiyuan and Liang, Percy and Chang, Peter W. and Eckersley, Peter and Htut, Phu Mon and Hwang, Pinyu and Mi{\l}kowski, Piotr and Patil, Piyush and Pezeshkpour, Pouya and Oli, Priti and Mei, Qiaozhu and Lyu, Qing and Chen, Qinlang and Banjade, Rabin and Rudolph, Rachel Etta and Gabriel, Raefer and Habacker, Rahel and Risco, Ramon and Milli{\`e}re, Rapha{\"e}l and Garg, Rhythm and Barnes, Richard and Saurous, Rif A. and Arakawa, Riku and Raymaekers, Robbe and Frank, Robert and Sikand, Rohan and Novak, Roman and Sitelew, Roman and Bras, Ronan Le and Liu, Rosanne and Jacobs, Rowan and Zhang, Rui and Salakhutdinov, Russ and Chi, Ryan Andrew and Lee, Seungjae Ryan and Stovall, Ryan and Teehan, Ryan and Yang, Rylan and Singh, Sahib and Mohammad, Saif M. and Anand, Sajant and Dillavou, Sam and Shleifer, Sam and Wiseman, Sam and Gruetter, Samuel and Bowman, Samuel R. and Schoenholz, Samuel Stern and Han, Sanghyun and Kwatra, Sanjeev and Rous, Sarah A. and Ghazarian, Sarik and Ghosh, Sayan and Casey, Sean and Bischoff, Sebastian and Gehrmann, Sebastian and Schuster, Sebastian and Sadeghi, Sepideh and Hamdan, Shadi and Zhou, Sharon and Srivastava, Shashank and Shi, Sherry and Singh, Shikhar and Asaadi, Shima and Gu, Shixiang Shane and Pachchigar, Shubh and Toshniwal, Shubham and Upadhyay, Shyam and Debnath, Shyamolima Shammie and Shakeri, Siamak and Thormeyer, Simon and Melzi, Simone and Reddy, Siva and Makini, Sneha Priscilla and Lee, Soo-Hwan and Torene, Spencer and Hatwar, Sriharsha and Dehaene, Stanislas and Divic, Stefan and Ermon, Stefano and Biderman, Stella and Lin, Stephanie and Prasad, Stephen and Piantadosi, Steven and Shieber, Stuart and Misherghi, Summer and Kiritchenko, Svetlana and Mishra, Swaroop and Linzen, Tal and Schuster, Tal and Li, Tao and Yu, Tao and Ali, Tariq and Hashimoto, Tatsunori and Wu, Te-Lin and Desbordes, Th{\'e}o and Rothschild, Theodore and Phan, Thomas and Wang, Tianle and Nkinyili, Tiberius and Schick, Timo and Kornev, Timofei and Tunduny, Titus and Gerstenberg, Tobias and Chang, Trenton and Neeraj, Trishala and Khot, Tushar and Shultz, Tyler and Shaham, Uri and Misra, Vedant and Demberg, Vera and Nyamai, Victoria and Raunak, Vikas and Ramasesh, Vinay Venkatesh and Prabhu, Vinay Uday and Padmakumar, Vishakh and Srikumar, Vivek and Fedus, William and Saunders, William and Zhang, William and Vossen, Wout and Ren, Xiang and Tong, Xiaoyu and Zhao, Xinran and Wu, Xinyi and Shen, Xudong and Yaghoobzadeh, Yadollah and Lakretz, Yair and Song, Yangqiu and Bahri, Yasaman and Choi, Yejin and Yang, Yichi and Hao, Yiding and Chen, Yifu and Belinkov, Yonatan and Hou, Yu and Hou, Yufang and Bai, Yuntao and Seid, Zachary and Zhao, Zhuoye and Wang, Zijian and Wang, Zijie J. and Wang, Zirui and Wu, Ziyi},
  year       = {2023},
  month      = may,
  journal    = {Transactions on Machine Learning Research},
  issn       = {2835-8856},
  urldate    = {2023-12-08},
  langid     = {english}
}

@inproceedings{Thater2010,
  title     = {Contextualizing {{Semantic Representations Using Syntactically Enriched Vector Models}}},
  booktitle = {Proceedings of the 48th {{Annual Meeting}} of the {{Association}} for {{Computational Linguistics}}},
  author    = {Thater, Stefan and F{\"u}rstenau, Hagen and Pinkal, Manfred},
  year      = {2010},
  month     = jul,
  pages     = {948--957},
  publisher = {{Association for Computational Linguistics}},
  address   = {{Uppsala, Sweden}},
  urldate   = {2023-10-24}
}

@inproceedings{Thater2011,
  title      = {Word {{Meaning}} in {{Context}}: {{A Simple}} and {{Effective Vector Model}}},
  shorttitle = {Word {{Meaning}} in {{Context}}},
  booktitle  = {Proceedings of 5th {{International Joint Conference}} on {{Natural Language Processing}}},
  author     = {Thater, Stefan and F{\"u}rstenau, Hagen and Pinkal, Manfred},
  year       = {2011},
  month      = nov,
  pages      = {1134--1143},
  publisher  = {{Asian Federation of Natural Language Processing}},
  address    = {{Chiang Mai, Thailand}},
  urldate    = {2023-10-24}
}

@inproceedings{Tian2014,
  title     = {A {{Probabilistic Model}} for {{Learning Multi-Prototype Word Embeddings}}},
  booktitle = {Proceedings of {{COLING}} 2014, the 25th {{International Conference}} on {{Computational Linguistics}}: {{Technical Papers}}},
  author    = {Tian, Fei and Dai, Hanjun and Bian, Jiang and Gao, Bin and Zhang, Rui and Chen, Enhong and Liu, Tie-Yan},
  editor    = {Tsujii, Junichi and Hajic, Jan},
  year      = {2014},
  month     = aug,
  pages     = {151--160},
  publisher = {{Dublin City University and Association for Computational Linguistics}},
  address   = {{Dublin, Ireland}},
  urldate   = {2023-11-14}
}

@article{Torregrossa2021,
  title   = {A {{Survey}} on {{Training}} and {{Evaluation}} of {{Word Embeddings}}},
  author  = {Torregrossa, Fran{\c c}ois and Allesiardo, Robin and Claveau, Vincent and Kooli, Nihel and Gravier, Guillaume},
  year    = {2021},
  month   = mar,
  journal = {International Journal of Data Science and Analytics},
  volume  = {11},
  number  = {2},
  pages   = {85--103},
  issn    = {2364-4168},
  doi     = {10.1007/s41060-021-00242-8},
  urldate = {2023-11-17},
  langid  = {english}
}

@misc{Toumi2021,
  title         = {Functorial {{Language Models}}},
  author        = {Toumi, Alexis and {Koziell-Pipe}, Alex},
  year          = {2021},
  month         = mar,
  number        = {arXiv:2103.14411},
  eprint        = {2103.14411},
  publisher     = {{arXiv}},
  url           = {http://arxiv.org/abs/2103.14411},
  urldate       = {2023-10-19},
  archiveprefix = {arxiv}
}

@inproceedings{Turian2010,
  title      = {Word {{Representations}}: {{A Simple}} and {{General Method}} for {{Semi-Supervised Learning}}},
  shorttitle = {Word {{Representations}}},
  booktitle  = {Proceedings of the 48th {{Annual Meeting}} of the {{Association}} for {{Computational Linguistics}}},
  author     = {Turian, Joseph and Ratinov, Lev-Arie and Bengio, Yoshua},
  editor     = {Haji{\v c}, Jan and Carberry, Sandra and Clark, Stephen and Nivre, Joakim},
  year       = {2010},
  month      = jul,
  pages      = {384--394},
  publisher  = {{Association for Computational Linguistics}},
  address    = {{Uppsala, Sweden}},
  urldate    = {2023-11-17}
}

@article{Turney2010,
  title      = {From {{Frequency}} to {{Meaning}}: {{Vector Space Models}} of {{Semantics}}},
  shorttitle = {From {{Frequency}} to {{Meaning}}},
  author     = {Turney, Peter D. and Pantel, Patrick},
  year       = {2010},
  month      = jan,
  journal    = {Journal of Artificial Intelligence Research},
  volume     = {37},
  number     = {1},
  pages      = {141--188},
  issn       = {1076-9757}
}

@article{Tversky1977,
  title     = {Features of {{Similarity}}},
  author    = {Tversky, Amos},
  year      = {1977},
  journal   = {Psychological Review},
  volume    = {84},
  pages     = {327--352},
  publisher = {{American Psychological Association}},
  address   = {{US}},
  issn      = {1939-1471},
  doi       = {10.1037/0033-295X.84.4.327}
}

@inproceedings{Vaswani2017,
  title     = {Attention {{Is All You Need}}},
  booktitle = {Advances in {{Neural Information Processing Systems}} 30 ({{NIPS}} 2017)},
  author    = {Vaswani, Ashish and Shazeer, Noam and Parmar, Niki and Uszkoreit, Jakob and Jones, Llion and Gomez, Aidan N. and Kaiser, {\L}ukasz and Polosukhin, Illia},
  editor    = {Guyon, Isabelle and von Luxburg, Ulrike and Bengio, Samy and Wallach, Hanna M. and Fergus, Rob and Vishwanathan, S. V. N. and Garnett, Roman},
  year      = {2017},
  volume    = {30},
  pages     = {5998--6008},
  publisher = {{Curran Associates}},
  address   = {{Long Beach, CA}},
  urldate   = {2023-10-23},
  isbn      = {978-1-5108-6096-4}
}

@misc{Wang2019b,
  title         = {Language {{Models}} with {{Transformers}}},
  author        = {Wang, Chenguang and Li, Mu and Smola, Alexander J.},
  year          = {2019},
  month         = oct,
  number        = {arXiv:1904.09408},
  eprint        = {1904.09408},
  publisher     = {{arXiv}},
  url           = {http://arxiv.org/abs/1904.09408},
  urldate       = {2024-01-08},
  archiveprefix = {arxiv},
  langid        = {english}
}

@article{Wang2020a,
  title   = {A {{Survey}} of {{Word Embeddings Based}} on {{Deep Learning}}},
  author  = {Wang, Shirui and Zhou, Wenan and Jiang, Chao},
  year    = {2020},
  month   = mar,
  journal = {Computing},
  volume  = {102},
  number  = {3},
  pages   = {717--740},
  issn    = {1436-5057},
  doi     = {10.1007/s00607-019-00768-7},
  urldate = {2023-11-14},
  langid  = {english}
}

@misc{Wei2022,
  title         = {Emergent {{Abilities}} of {{Large Language Models}}},
  author        = {Wei, Jason and Tay, Yi and Bommasani, Rishi and Raffel, Colin and Zoph, Barret and Borgeaud, Sebastian and Yogatama, Dani and Bosma, Maarten and Zhou, Denny and Metzler, Donald and Chi, Ed H. and Hashimoto, Tatsunori and Vinyals, Oriol and Liang, Percy and Dean, Jeff and Fedus, William},
  year          = {2022},
  month         = oct,
  number        = {arXiv:2206.07682},
  eprint        = {2206.07682},
  publisher     = {{arXiv}},
  url           = {http://arxiv.org/abs/2206.07682},
  urldate       = {2023-11-17},
  archiveprefix = {arxiv}
}

@inproceedings{Westera2019,
  title     = {Don't {{Blame Distributional Semantics}} if it can't do {{Entailment}}},
  booktitle = {Proceedings of the 13th {{International Conference}} on {{Computational Semantics}} - {{Long Papers}}},
  author    = {Westera, Matthijs and Boleda, Gemma},
  editor    = {Dobnik, Simon and Chatzikyriakidis, Stergios and Demberg, Vera},
  year      = {2019},
  month     = may,
  pages     = {120--133},
  publisher = {{Association for Computational Linguistics}},
  address   = {{Gothenburg, Sweden}},
  doi       = {10.18653/v1/W19-0410},
  urldate   = {2024-01-03}
}

@incollection{Wilks2000,
  title     = {Margaret {{Masterman}}},
  booktitle = {Early {{Years}} in {{Machine Translation}}: {{Memoirs}} and {{Biographies}} of {{Pioneers}}},
  author    = {Wilks, Yorick},
  editor    = {Hutchins, John W.},
  year      = {2000},
  month     = dec,
  series    = {Studies in the {{History}} of the {{Language Sciences}}},
  pages     = {279--297},
  publisher = {{John Benjamins Publishing Company}},
  address   = {{Amsterdam, The Netherlands}},
  urldate   = {2023-12-03},
  isbn      = {978-90-272-4586-1},
  langid    = {english}
}

@book{Wittgenstein2001,
  title        = {Tractatus {{Logico-Philosophicus}}},
  author       = {Wittgenstein, Ludwig},
  translator   = {Pears, David F. and McGuinness, Brian F.},
  year         = {2001},
  publisher    = {{Routledge Classics}},
  address      = {{London, UK}},
  collaborator = {Russell, Bertrand},
  isbn         = {978-0-415-25408-3},
  langid       = {english}
}

@book{Wittgenstein2007,
  title     = {Preliminary {{Studies}} for the ``{{Philosophical Investigations}}'': {{Generally}} known as {{The Blue}} and {{Brown Books}}},
  author    = {Wittgenstein, Ludwig},
  year      = {2007},
  edition   = {2},
  publisher = {{Blackwell Publishing}},
  address   = {{Malden, MA}},
  isbn      = {978-0-631-14660-5},
  langid    = {english}
}

@book{Wittgenstein2009,
  title     = {Philosophical {{Investigations}}},
  author    = {Wittgenstein, Ludwig},
  editor    = {Hacker, P. M. S. and Schulte, Joachim},
  year      = {2009},
  edition   = {4},
  publisher = {{Wiley-Blackwell}},
  address   = {{Chichester, UK}},
  isbn      = {978-1-4051-5928-9},
  langid    = {english}
}

@misc{Wu2016,
  title      = {Google's {{Neural Machine Translation System}}: {{Bridging}} the {{Gap}} between {{Human}} and {{Machine Translation}}},
  shorttitle = {Google's {{Neural Machine Translation System}}},
  author     = {Wu, Yonghui and Schuster, Mike and Chen, Zhifeng and Le, Quoc V. and Norouzi, Mohammad and Macherey, Wolfgang and Krikun, Maxim and Cao, Yuan and Gao, Qin and Macherey, Klaus and Klingner, Jeff and Shah, Apurva and Johnson, Melvin and Liu, Xiaobing and Kaiser, {\L}ukasz and Gouws, Stephan and Kato, Yoshikiyo and Kudo, Taku and Kazawa, Hideto and Stevens, Keith and Kurian, George and Patil, Nishant and Wang, Wei and Young, Cliff and Smith, Jason and Riesa, Jason and Rudnick, Alex and Vinyals, Oriol and Corrado, Greg and Hughes, Macduff and Dean, Jeffrey},
  year       = {2016},
  url        = {http://arxiv.org/abs/1609.08144},
  urldate    = {2023-12-09}
}

@inproceedings{Xu2000,
  title     = {Can {{Artificial Neural Networks Learn Language Models}}?},
  booktitle = {6th {{International Conference}} on {{Spoken Language Processing}} ({{ICSLP}} 2000)},
  author    = {Xu, Wei and Rudnicky, Alex},
  year      = {2000},
  month     = oct,
  volume    = {1},
  pages     = {202--205},
  publisher = {{ISCA}},
  address   = {{Beijing, China}},
  doi       = {10.21437/ICSLP.2000-50},
  urldate   = {2023-12-11},
  langid    = {english}
}
